2708 4866
188 343 253 410 ⁶80
489 342 985 412 SUPBLEMENTUM

187 511 374 578 vincentes
389 512 485 588 vidit,
502 513 653 598 populus
668 513 828 581 formidat
842 516 986 582 Iberrisl
1084 569 1087 574 ,

188 621 236 690 At
250 644 330 689 vero
346 625 376 688 si
390 644 459 708 qua
473 630 525 690 est
540 623 646 706 hegio
662 621 821 690 Romana
835 627 900 690 sub
914 626 1018 690 armis

189 735 367 820 Pompeii;
389 737 530 802 rudibus
546 743 681 802 constat
695 739 882 824 tyrunibus,
898 744 958 804 aut
970 738 1025 802 his

189 847 258 928 Qui
274 850 373 912 vobis
389 850 470 914 victi
485 849 649 931 fugientia
663 855 757 930 terga
771 848 946 942 dederunt,

189 959 233 1024 Et
248 967 395 1024 veterem
411 959 584 1024 adducunt
599 969 716 1040 senum
732 958 776 1022 ad
790 975 881 1022 nova
896 964 1010 1022 castra
1024 958 1196 1024 timorem.

190 1067 278 1148 Quae
293 1069 395 1134 toties
410 1070 522 1132 vietus
538 1068 641 1134 faciet
651 1068 724 1152 jam
740 1069 860 1150 praelia
875 1069 1009 1134 Varusl

126 1199 129 1208 ’
190 1179 402 1264 Hispanisve
418 1186 509 1262 geret
523 1179 695 1248 labienus
707 1180 882 1262 transfuga
896 1180 1081 1264 plusquam

189 1290 260 1356 Aut
274 1293 369 1376 prius
384 1293 578 1369 AEmathiis,
595 1291 735 1373 Libycis
750 1298 811 1356 aut
825 1293 967 1373 gesserit
981 1292 1101 1356 arrisi

190 1403 242 1469 Ite
256 1405 324 1468 mei
339 1405 492 1481 comiteS,
507 1405 667 1487 belloque
682 1405 846 1486 imponite
861 1403 972 1482 finem.

190 1515 355 1596 Dixerat;
379 1523 414 1580 at
427 1516 522 1580 nullo
538 1516 716 1598 excipiunt
730 1515 877 1580 clamore
894 1515 1051 1580 odhones

190 1625 307 1692 Verba
323 1627 444 1704 DuciS,
460 1648 523 1692 nen
540 1627 719 1691 stridentes
735 1626 922 1692 accendere
937 1631 1086 1709 possunt

191 1735 357 1822 Dejectos
372 1740 504 1805 animos
519 1739 606 1816 litui,
623 1743 826 1820 conceptura
843 1755 948 1800 cornu

190 1845 367 1926 Classica3
380 1867 452 1912 nec
469 1867 664 1932 quanquam
679 1848 724 1911 ad
738 1865 887 1930 pugnam
901 1845 944 1910 de
959 1847 1048 1912 colle
1064 1845 1265 1930 propinquo
1342 1879 1343 1888 κ

191 1957 383 2024 Decurrunt
398 1957 612 2042 Pompeiani,
628 1959 812 2042 procedere
828 1977 954 2041 campo
1070 2023 1073 2028 r

191 2067 353 2150 Longius,
371 2075 430 2132 ant
443 2070 564 2153 rapido
578 2067 634 2154 (ut
647 2087 723 2134 mos
738 2067 806 2154 est)
819 2075 994 2134 occurrere
1009 2087 1118 2132 eursu

189 2176 295 2262 (Tum
310 2180 455 2262 primurn
470 2177 640 2263 trepidus)
654 2186 833 2244 veteranus
849 2179 997 2244 Caesaris
1013 2178 1134 2242 audet.

192 2287 295 2366 Quod
311 2289 411 2352 simul
426 2295 464 2352 ut
478 2289 563 2354 vidit
578 2309 700 2371 magna
714 2289 940 2354 inflammatus
953 2290 998 2352 ab
1013 2290 1095 2365 ira,

193 2396 402 2462 Deseritisne
419 2399 563 2475 Ducem,
579 2405 613 2464 et
627 2401 732 2464 leniet
744 2419 829 2467 nene
844 2399 995 2464 cnemis
1007 2397 1160 2482 (inquit)

193 2506 268 2571 Vos
284 2508 383 2572 timor
398 2508 556 2572 emeritus
570 2509 697 2574 bodiel
720 2510 821 2574 simul
836 2510 954 2591 arripit
967 2509 1104 2574 hastam

194 2617 337 2694 Ductor,
353 2623 387 2680 et
402 2617 565 2683 adversos
581 2620 676 2684 solus
691 2619 838 2686 defertur
852 2620 888 2684 in
902 2619 1029 2685 hostes.

195 2726 410 2810 Obstupuere
426 2727 487 2802 illi,
504 2727 719 2809 quibueheec
734 2729 909 2804 miracula,
925 2728 1024 2792 miles

195 2835 375 2902 Caesareus
390 2835 540 2910 timidus,
557 2835 753 2901 temerarius
768 2835 855 2916 ipse,
867 2835 1038 2900 uidentur.

195 2947 267 3013 Vix
282 2949 393 3012 oculis
409 2948 519 3030 primo
535 2945 695 3040 credrmt3
717 2963 800 3008 mox
815 2944 850 3006 iu
865 2949 969 3026 eaput
983 2944 1101 3010 andex

197 3057 356 3142 Undique
372 3059 445 3142 pila
458 3058 591 3138 volant3
614 3057 736 3133 donec,
754 3055 906 3120 vincente
922 3055 1064 3138 pudore,
1098 3125 1103 3130 ,
1151 3095 1154 3098 -

197 3168 278 3234 Non
292 3169 414 3234 virtute
428 3174 564 3244 metum,
582 3168 716 3232 cunctis
729 3165 900 3230 exercitus
915 3167 1018 3231 annis
1032 3185 1035 3192 ·

196 3277 253 3343 Ad
270 3279 380 3344 nucis
395 3279 561 3342 auxilium
575 3257 753 3362 procurrit,
769 3281 803 3340 et
817 3277 925 3360 impia
938 3281 1033 3367 nna

197 3392 294 3456 Time
311 3391 415 3466 rabie,
431 3395 558 3474 quanto
576 3390 804 3456 detrectavere
818 3389 948 3465 timore,

199 3499 298 3564 Bella
312 3502 406 3582 gerit,
422 3499 565 3576 redimet
579 3499 737 3566 Romano
753 3507 790 3590 ut
805 3501 968 3584 sangiune
983 3501 1138 3586 eulpam,
1177 3563 1182 3574 .

199 3611 243 3680 Et
257 3611 331 3676 dira
346 3612 451 3676 faciet
465 3611 600 3676 funesta
614 3612 753 3694 piacula
768 3611 875 3676 cende.
983 3657 984 3660 ,

199 3723 247 3790 At
260 3725 370 3808 primu
386 3745 509 3807 pugnae
525 3729 643 3806 gentes
656 3723 812 3808 utrinque
827 3720 939 3788 furore

200 3834 399 3916 Diffugiunt,
415 3835 500 3898 solis
515 3833 776 3916 peragendaque
791 3835 883 3898 bella
896 3834 1090 3928 relinquunt

200 3945 349 4010 Ensibus
365 3943 528 4008 Ausoniis
541 3964 549 4022 ;
573 3943 650 4008 aliis
662 3923 729 4006 'nec
746 3945 868 4026 egebat
882 3942 991 4026 Euyn,

201 4055 336 4120 Pallida
350 4077 414 4121 uec
430 4057 544 4139 plures
559 4054 682 4120 Alecto
698 4055 850 4137 optabat.
874 4054 910 4116 in
924 4072 1023 4120 omne

201 4165 371 4230 Suffecere
385 4167 483 4229 nefas
498 4167 552 4230 hee
567 4167 707 4230 dextrae.
722 4164 946 4228 hic.eonstitit
960 4169 1060 4230 atrox

200 4275 341 4358 Pugna3
364 4295 444 4358 pars
459 4283 577 4358 urgent
591 4277 696 4352 acies,
712 4275 894 4358 animique,
911 4294 1080 4358 paresque

201 4381 331 4454 Inurum
346 4385 483 4449 stimuli.
506 4387 638 4467 magnis
652 4385 841 4478 hortatibus
857 4387 958 4452 ambo
1061 4408 1064 4416 ’
