2708 4866
346 413 728 485 nuenarius.
766 413 832 486 Vl.
928 463 933 470 -

37 585 210 670 Mergitur,
226 593 262 652 et
273 587 387 672 rapuit
400 561 587 654 victoribus
596 587 694 656 unda
707 591 923 674 triumphum.

34 695 101 764 Ast
112 700 198 763 alias
209 699 282 783 jam
297 691 480 782 possessas
496 699 623 766 victore
639 697 778 767 carinas-

35 808 167 888 Obruit,
183 817 218 875 et
232 801 301 876 cito
317 805 472 876 devictos
486 812 662 876 ulciscitur
677 831 805 895 aequor.

32 919 161 986 Contra
174 930 350 1007 utramque
367 923 431 986 diu·
441 925 587 986 classem
604 923 754 986 Fortuna
768 921 901 988 videtur

34 1031 201 1116 Pugnare,
217 1041 319 1118 atque
332 1035 424 1098 'odiis
439 1053 564 1098 vexere
580 1033 761 1096 hostilibus
777 1035 905 1098 ambas.
935 1089 938 1094 .

35 1144 160 1209 Finivit
174 1147 309 1210 tandem
325 1146 420 1210 dubii
436 1144 620 1208 certamina
636 1141 769 1221 Martis,

33 1253 257 1338 Ostenditque
273 1257 398 1339 quibus
413 1255 494 1318 coeli
509 1257 689 1339 pelagique
704 1255 840 1320 labores

30 1362 118 1447 Ipsa
131 1365 316 1430 excivisset
329 1371 453 1430 tantos.
476 1367 620 1454 victoria
633 1367 738 1431 classi

30 1471 201 1539 Caesareae
212 1475 286 1557 jam
301 1475 404 1558 plene
417 1475 492 1552 fuit,
509 1464 611 1559 'quam
627 1477 752 1540 Didius
768 1473 884 1542 audax
956 1503 959 1519 ·

30 1581 175 1649 Erubuit
189 1589 291 1648 vento
306 1590 365 1648 aut
377 1585 493 1668 pelagi
508 1585 630 1649 debere
646 1587 818 1668 procellis.

73 1693 247 1760 Amissam
261 1693 375 1760 Varus
390 1697 535 1761 classem
549 1695 653 1761 videt.
676 1697 798 1762 obruta
811 1703 917 1780 ponto
1021 1692 1025 1700 ’

29 1803 119 1870 Pars
128 1805 258 1889 jacuit:
281 1825 362 1889 pars
376 1809 524 1872 victores
540 1801 704 1890 possessa
717 1801 872 1872 vehebat.

29 1913 224 1998 Relliquias
240 1935 357 1981 secum
372 1917 579 1999 fugientibus
593 1913 813 1982 inde'cariuis

28 2021 175 2089 Carteiae
193 2027 237 2090 ad
252 2031 387 2108 portum
402 2029 508 2104 vexit,
523 2029 721 2110 ratibusque
734 2029 863 2094 relictis

29 2131 200 2199 Emensus
217 2137 335 2201 tellure
347 2139 434 2214 vias,
450 2139 528 2202 hinc
545 2145 657 2202 castra
671 2139 810 2222 petebat

27 2242 190 2327 Pompeii
200 2246 349 2328 juvenis.
372 2253 445 2314 toto
460 2253 540 2312 tunc
555 2249 662 2312 milite
677 2249 800 2312 fnrstra

28 2352 166 2418 Moenia
179 2353 366 2436 Pompeius
379 2357 519 2418 munitae
535 2357 716 2418 obsederat
730 2357 832 2419 lille.

73 2463 209 2527 Interea
223 2481 324 2528 cursu
339 2464 441 2526 celeri
455 2461 542 2546 (quo
557 2465 647 2526 bella
662 2465 797 2528 solebat

27 2571 225 2656 Conicere)
239 2573 417 2657 Hispanas
432 2574 638 2656 properabat
653 2573 771 2639 Caesar
786 2575 830 2640 ad
847 2596 936 2641 oras.

26 2682 144 2761 Quem
159 2683 272 2748 Roma
286 2675 458 2766 egressum
473 2683 562 2746 dena
576 2683 629 2746 bis
643 2684 720 2748 luce
736 2685 907 2768 Saguntus

25 2793 181 2876 Excipit,
194 2793 285 2858 Urbs
301 2793 380 2857 fidei
396 2794 524 2858 clarum
538 2813 600 2876 per
615 2785 744 2858 saecula
758 2817 892 2874 nomen,

26 2903 73 2968 Et
88 2905 216 2969 crimen
231 2903 402 2988 quondam
418 2903 596 2987 Superum.
620 2906 712 2987 quod
725 2925 794 2970 non
808 2909 875 2970 nisi
889 2925 1013 2988 magno

26 3014 149 3078 Deleri
164 3013 302 3078 excidio
317 3013 429 3097 potuit
443 3013 656 3095 Carthaginis
672 3017 761 3080 altae.

26 3123 136 3187 Urbis
151 3125 196 3188 ad
211 3123 402 3188 Occiduum
415 3125 532 3188 nitidis
547 3125 575 3187 it
590 3125 698 3189 Duria
711 3127 874 3209 Lymphis
949 3203 952 3210 ,

24 3234 131 3299 Culta
144 3236 257 3317 rigans
271 3236 397 3312 vicina,
415 3241 517 3318 atque
533 3215 568 3299 iu
585 3235 681 3301 Mare
695 3237 802 3301 tendit
817 3237 962 3302 Iberum.

24 3347 100 3410 Sed
115 3346 226 3410 Ducis
239 3347 330 3410 baud
345 3347 429 3410 tanti
445 3365 580 3410 cursum
595 3348 650 3410 vel
667 3348 776 3412 Duria
793 3347 915 3425 tardat,

24 3457 97 3522 Vel
111 3459 241 3541 rapidae
257 3459 421 3522 Sucronis
436 3477 548 3540 aquae,
563 3465 738 3522 montesve
754 3459 900 3534 corusci,

24 3567 141 3646 Queis
154 3569 285 3632 faciunt
299 3569 386 3634 dites
402 3577 560 3651 argentea
574 3559 712 3635 nomina
726 3589 834 3634 venae.

24 3679 114 3744 Inde
129 3681 220 3763 rapit
234 3697 369 3744 cursum
384 3681 483 3746 flavae
499 3701 560 3764 per
574 3681 688 3745 littora
704 3681 823 3756 Baetis

24 3790 71 3854 Et
85 3792 208 3873 procul
223 3779 379 3874 egressus
394 3793 475 3856 totis
490 3797 535 3867 te,
553 3791 713 3854 Corduba
728 3791 836 3868 dives,

24 3901 220 3966 Obsidione
234 3904 357 3986 premit
370 3903 499 3980 turmis,
522 3921 590 3966 nou
606 3921 668 3984 spe
683 3901 871 3984 potiundae,

24 4009 224 4096 [Prmsidiis
239 4011 356 4075 urbem
371 4013 495 4076 validis
509 4031 588 4076 narn
604 4013 730 4076 Sextus
746 4011 910 4096 habebat)

24 4121 96 4184 Sed
111 4121 224 4186 trabat
238 4122 391 4186 obsessae
407 4129 444 4186 ut
459 4123 662 4206 Pompeium
678 4143 700 4186 a
712 4125 884 4188 moenibus
899 4121 1000 4186 Ullce.

24 4230 133 4310 Quod
143 4233 248 4316 juxta
262 4234 385 4298 evenit.
408 4251 554 4316 namque
570 4235 750 4299 obsidione
765 4233 884 4297 relicta

24 4343 218 4428 Pompeius
231 4345 314 4416 totis
329 4349 478 4409 sectatur
491 4343 622 4409 viribus
634 4342 767 4412 hostem

457 4469 610 4532 ¹⁴¹‹tu

1069 427 1135 492 am
