2696 4852
160 275 203 339 44
438 269 489 334 M.
523 266 720 335 ANNAEI
765 263 977 332 LUCANI

159 446 265 512 Stella
279 463 406 509 nocens
426 443 540 525 nigros
559 439 694 504 Saturni
716 437 918 504 accenderet
930 438 1048 520 ignes;

161 555 414 623 Deucalioneos
431 553 576 616 fudisset
594 548 767 633 Aquarius
782 549 919 624 imbres,

159 667 317 750 Totaque
333 663 456 728 diffuso
471 662 627 726 latuisset
645 660 680 724 in
698 680 835 743 aequore
851 659 963 723 tellus.

162 777 200 842 Si
217 794 346 841 saevum
361 773 467 838 radiis
483 771 683 836 Nemeaeum
699 769 830 834 Phoebe
846 769 997 834 Leonem
1201 768 1263 833 655
1324 751 1325 760 ¹

162 886 263 952 Nunc
280 904 460 970 premeres,
476 887 548 946 toto
564 883 705 948 fluerent
724 881 883 946 incendia
896 880 1033 957 mundo,

162 995 421 1078 Succensusque
437 992 509 1058 suis
525 992 702 1074 flagrasset
718 993 871 1058 curribus
893 991 1007 1058 aether.

135 1122 139 1130 ’
163 1106 212 1171 Hi
229 1110 364 1170 cessant
379 1105 484 1186 ignes.
505 1103 616 1186 tuqui
635 1102 795 1185 flagrante
818 1104 986 1168 minacem

163 1215 332 1299 Scorpion
347 1213 500 1278 incendis
522 1213 644 1290 cauda,
665 1212 849 1296 chelasque
864 1212 1006 1296 peruris,

166 1325 259 1406 Quid
275 1330 404 1390 tanam
419 1323 569 1390 ctarive
584 1324 711 1408 param
733 1344 812 1388 nam
833 1323 924 1388 mitis
945 1323 981 1386 in
1001 1321 1070 1386 uto
1138 1305 1142 1314 ’
1201 1321 1264 1388 ooo

163 1437 299 1521 Jupiter
313 1435 452 1501 Occasu
469 1436 640 1518 premitur,
662 1433 875 1516 Venerisque
890 1433 1025 1496 salubre

167 1547 271 1610 Sidus
291 1545 403 1622 hebet,
425 1549 586 1627 motuque
602 1544 691 1607 celer
712 1529 886 1625 Cyllenius
901 1541 1016 1620 haeret‚

102 1663 103 1669 ’
166 1656 210 1721 Ε1
225 1657 350 1721 coelum
366 1653 461 1719 Mars
477 1653 572 1718 solus
587 1653 700 1718 habet.
720 1673 780 1718 cur
795 1653 892 1735 signa
912 1656 1043 1718 meatus

166 1769 354 1832 Deseruere
370 1785 463 1842 suos,
485 1763 678 1847 mundoque
694 1764 841 1828 obscura
863 1763 1032 1830 feruntur:
1126 1829 1129 1835 ,

168 1877 315 1942 Ensiferi
334 1877 474 1940 nimium
489 1876 596 1958 fulget
609 1875 698 1940 latus
715 1873 875 1940 Orionist
1203 1877 1267 1942 665

227 2028 276 2078 654
285 2026 404 2088 jacuisset.
519 2026 568 2072 656
584 2024 632 2070 toti.
757 2027 806 2075 657
822 2025 874 2071 tuis.
989 2027 1036 2073 662
1053 2026 1127 2082 haba,
1137 2025 1205 2072 abac.

461 2090 509 2138 663
520 2103 579 2136 cum.
720 2093 768 2139 664
776 2087 913 2154 peraretur?
931 2087 983 2136 an.

170 2227 402 2292 Olympiodorusfieri
419 2243 479 2288 posse
496 2228 705 2291 uegctnisimogoi
763 2229 820 2277 659.
837 2226 963 2289 Scorpium]
992 2228 1060 2276 Prior
1085 2226 1176 2289 Soorpii
1205 2241 1267 2288 pars,

168 2295 225 2340 unni
236 2295 321 2356 hyeme,
336 2294 375 2339 oti
393 2308 465 2339 omnes
484 2293 578 2352 plo-urta
590 2294 707 2354 cunjuncti
731 2307 782 2352 quae
793 2293 871 2338 Chelae
881 2293 995 2346 dicuntur,
1013 2293 1042 2338 ab
1052 2291 1206 2353 aequinoctiali
1226 2292 1269 2338 oir-

168 2368 221 2406 suat
232 2360 257 2404 in
268 2359 366 2418 lyborrw
375 2358 453 2420 signo:
467 2358 565 2418 piscibus
576 2365 617 2403 ont
629 2357 705 2419 Apua-
731 2355 783 2402 oulo
794 2357 827 2403 ita
837 2357 957 2418 premitur,
974 2364 1000 2404 ut
1010 2371 1061 2402 eum
1080 2355 1192 2404 sustinere
1200 2357 1269 2417 plane

170 2425 212 2470 rto.
732 2420 845 2468 videatur.
865 2421 1007 2484 Chelasque]
1025 2421 1103 2467 chelm
1114 2421 1205 2484 Scorpii
1218 2422 1268 2468 bn-

204 2489 259 2537 652.
277 2485 347 2534 Stella
355 2483 464 2550 frigida]
491 2485 561 2543 Quod
572 2483 705 2544 longissima
732 2485 853 2532 elriasunt.
873 2484 975 2533 Honores.
994 2486 1076 2545 Sulpit.

170 2567 185 2597 a
202 2553 257 2600 Sole
277 2552 370 2598 recedat
389 2565 466 2610 supra,
483 2565 528 2609 quo
547 2549 568 2595 is
585 2557 706 2611 penetrare
765 2551 813 2595 660
832 2549 897 2596 Mitis
906 2551 930 2595 in
938 2552 991 2606 alto,
1009 2549 1065 2610 dra]
1083 2549 1189 2612 Benigne
1200 2549 1269 2596 Joris

170 2611 582 2674 aequitatad'inlerioresplauetas.
603 2613 705 2676 Nigroe]
734 2613 801 2659 stella
821 2615 845 2660 in
864 2629 919 2660 casu
940 2631 984 2662 ceu
1004 2614 1134 2674 dejectione
1155 2629 1196 2660 sua
1219 2629 1270 2674 pre·

171 2681 210 2726 Ob
220 2679 415 2740 propinquitatem
432 2678 590 2739 proximorum
608 2679 707 2724 circulo·
732 2677 810 2724 mitur.

171 2759 318 2805 numqaum
337 2743 438 2804 alloquin
459 2743 489 2789 ait
510 2742 587 2789 colore
608 2743 707 2788 candido
767 2745 822 2792 661.
844 2739 980 2804 l'enerisque
994 2743 1091 2797 atnoe,
1108 2742 1164 2804 dra]
1183 2743 1271 2788 Saluta·

172 2809 244 2856 atella
264 2807 370 2855 Hortens.
733 2806 766 2851 ris
787 2807 856 2853 stalla
874 2807 978 2863 Veneris,
996 2807 1088 2869 languet
1105 2808 1177 2860 iners,
1194 2813 1270 2854 retun-
1325 2835 1326 2860 ;

204 2876 260 2924 653.
279 2869 460 2934 Deucalioneos]
489 2871 576 2928 Quales
602 2870 707 2918 cecidere
734 2871 805 2917 ditur.

171 2947 274 2999 tempore
301 2937 465 2990 Deucalionis·
487 2943 510 2982 et
532 2935 635 2995 Pyrrhae,
662 2951 708 2996 quo
768 2939 823 2986 662.
843 2933 951 2997 Metaque
971 2937 1039 2991 ceter,
1064 2933 1120 2996 dte]
1141 2935 1272 2982 Mercurius
1325 2939 1326 2976 l

170 3004 269 3050 muudus
293 3017 402 3064 aquarum
423 3000 512 3048 diluvio
534 3002 630 3047 obrutus
657 3001 707 3048 fuit.
735 3000 789 3047 alibi
812 3001 881 3055 celer,
905 3001 942 3047 lric
963 3001 1033 3048 haeret
1056 3000 1177 3061 hebetque.
1208 3001 1273 3048 Celer

172 3067 279 3116 Hortaris.
737 3064 853 3128 Merme]
881 3067 987 3112 Celerem
1008 3073 1076 3112 vocat
1097 3067 1127 3112 ob
1148 3065 1182 3122 id,
1210 3066 1271 3126 quod

205 3133 261 3182 655.
279 3130 304 3177 Si
321 3146 403 3177 acuum
418 3129 511 3190 radlia]
528 3128 554 3180 Si
574 3129 608 3176 sol
627 3130 709 3190 depre·
735 3145 817 3177 novem
844 3131 926 3178 diebus
954 3131 1031 3176 ociore
1055 3131 1143 3176 ambitu
1170 3137 1273 3190 permeet

172 3197 256 3244 lrensus
276 3195 372 3242 essetiu
387 3196 472 3246 hone.
490 3201 516 3240 ut
533 3195 708 3254 propriaaeda:
736 3197 970 3254 auumorbemquam
980 3195 1027 3242 Sol.
1061 3196 1133 3241 Sedes
1143 3195 1212 3242 lubet
1222 3196 1273 3241 Vir-

172 3259 299 3320 periculum
311 3265 381 3310 esset,
398 3273 426 3304 ne
438 3258 587 3318 conflagraret
603 3259 708 3307 mundns.
737 3258 811 3320 gisem
823 3267 846 3306 et
855 3261 972 3306 Geminos.

174 3323 252 3386 Neque
264 3321 338 3382 tocfit
349 3321 635 3383 nistmugnion'niaeatate.
652 3323 710 3369 'lirr-
737 3361 739 3368 .
769 3326 824 3372 663.
843 3323 928 3372 &lum
945 3323 1010 3370 Mors
1027 3324 1085 3370 otus
1103 3321 1189 3384 holm]
1209 3323 1273 3369 Mara

171 3391 247 3436 nebus
261 3388 302 3434 lib.
318 3389 356 3432 tl.
369 3401 419 3445 cap.
430 3390 468 3432 18.
487 3384 616 3432 Nemeaeum
629 3387 710 3434 Plaude
736 3387 800 3435 solua
811 3389 917 3435 dominus
928 3389 989 3443 anui,
1006 3389 1030 3434 in
1041 3392 1080 3434 10.
1091 3387 1193 3448 regione.
1212 3403 1272 3434 sum·

174 3451 291 3513 leonem]
309 3451 409 3497 honam
427 3451 456 3497 ab
465 3449 567 3496 Hercule
584 3451 608 3496 in
623 3452 711 3498 Nemea
737 3468 797 3498 mum
810 3455 894 3499 coelum
904 3459 983 3498 tenens
995 3454 1017 3499 iu
1029 3455 1107 3511 Scorp.
1119 3451 1211 3498 ceteris
1225 3453 1272 3513 pla-

175 3518 240 3578 sylva
252 3515 404 3568 interfectum,
422 3523 446 3560 et
456 3513 479 3560 in
492 3515 570 3560 stellas
581 3516 684 3561 relatum.
736 3517 797 3562 netis
809 3517 925 3563 destitutis
943 3518 1038 3576 propria
1052 3531 1093 3562 aua
1109 3516 1172 3570 sede,
1191 3525 1215 3564 et
1235 3517 1273 3562 lra-

208 3584 264 3628 658.
282 3579 315 3626 111
327 3587 412 3626 cessum
423 3579 491 3642 ignea.
505 3587 532 3624 tu
543 3580 581 3640 qui
583 3578 711 3643 flagrante,
737 3582 853 3635 bentibus,
880 3581 1016 3640 praevalebit
1037 3579 1194 3641 producatque
1221 3597 1274 3626 snos

175 3645 232 3707 dre]
250 3645 344 3698 Verum,
362 3643 384 3688 lrl
401 3643 501 3702 planetae
517 3659 561 3690 non
578 3645 610 3689 ita
628 3646 710 3703 depre-
737 3646 843 3700 allectus,
859 3644 921 3691 bella
933 3646 1027 3694 nefaria.

115 3739 121 3746 -
174 3711 313 3762 lrenduutur,
331 3707 373 3754 aad
390 3708 452 3754 tuO
472 3709 545 3762 Mars,
564 3707 586 3756 iu
605 3709 710 3768 Scorpio,
771 3713 826 3759 664.
854 3709 1006 3771 Materque]
1029 3709 1074 3756 Per
1099 3708 1191 3755 ooelurm
1232 3708 1275 3755 05-

174 3776 241 3833 cujus
252 3773 324 3819 chelae
343 3771 367 3817 in
387 3772 478 3818 libram
490 3773 652 3828 extenduntur,
670 3774 711 3819 do·
737 3775 825 3836 scura]
844 3775 874 3821 m
885 3783 980 3834 propter
991 3775 1096 3833 eclypsea
1107 3773 1151 3818 hoc
1161 3772 1233 3826 dixit,
1252 3781 1274 3820 et

175 3839 268 3892 minate,
286 3851 336 3897 quae
354 3835 416 3882 bella
430 3837 513 3895 paras?
538 3835 574 3882 Tu
589 3839 636 3897 qui,
654 3835 711 3900 Sta]
738 3839 888 3898 quiaamalia
899 3839 992 3892 suturis,
1010 3844 1127 3884 etatem
1137 3845 1274 3885 contraxere

175 3901 274 3950 aversio
285 3901 314 3947 ad
326 3899 433 3954 Martem,
449 3899 551 3959 quicum
566 3909 647 3947 natura
657 3903 712 3947 oali·
737 3902 888 3963 nigredinem.
907 3903 989 3962 Sulpit.

175 3967 260 4014 dusait
271 3972 294 4013 at
306 3965 503 4019 siccos,acoeudit
515 3964 651 4012 inhumanis
662 3981 712 4012 cor·
771 3969 826 4014 665.
845 3966 946 4013 Nimium
970 3965 1052 4031 ⁸t'rrlget
1073 3965 1132 4011 latas
1152 3963 1273 4028 omnus]

174 4031 271 4093 poribus
290 4030 412 4083 choleram,
430 4029 548 4076 audaciam
566 4031 712 4077 adiutorem
738 4031 809 4078 Stella
824 4032 904 4090 primae
923 4029 1087 4090 magnitudinis
1103 4031 1126 4076 id
1137 4030 1222 4076 dextro
1233 4032 1273 4078 lru·

176 4111 248 4156 nsque
271 4101 295 4141 et
317 4093 468 4148 insolentiam,
493 4095 607 4156 roburque
629 4095 711 4157 gignit.
738 4111 809 4151 mero,
826 4104 874 4143 tres
892 4099 998 4144 secundm
1009 4093 1173 4156 magnitudinis
1191 4094 1273 4141 inbal·

177 4158 260 4206 Martis
280 4160 361 4206 domus
389 4166 443 4205 sunt
462 4159 571 4219 Scorpius
592 4168 616 4207 et
635 4161 712 4215 Aries,
738 4168 776 4206 teo
798 4161 904 4214 Orionis,
920 4160 963 4206 &a
982 4159 1054 4207 nimio
1069 4159 1159 4218 fulgore
1181 4167 1272 4219 porten-

175 4225 300 4285 passimmn
312 4222 413 4270 omnium
431 4223 503 4278 sidus,
520 4225 540 4272 si
558 4225 713 4286 deprehenda—
738 4225 794 4271 dent
805 4225 858 4272 belli
870 4225 981 4272 udonem.
1000 4223 1072 4270 Lotus
1091 4223 1203 4288 omna]
1221 4224 1273 4270 Ori·

177 4297 214 4338 tur
224 4289 249 4337 in
263 4289 396 4351 Scorpione.
414 4288 519 4338 Hortaris
738 4305 768 4338 on
779 4289 844 4338 sidus
861 4298 905 4345 est,
923 4291 984 4352 quod
996 4289 1021 4337 in
1038 4303 1079 4336 auo
1090 4295 1143 4336 ortu
1157 4295 1182 4336 et
1193 4301 1272 4336 amasa
