2756 4896
189 331 264 418 auo·
481 337 990 436 ,corrupturum

192 513 262 580 Sed
275 533 345 579 non
358 531 423 579 nos
439 511 531 580 viliis
545 510 747 580 famulantia
760 512 929 596 gessimus
942 531 1053 590 sumn,

193 624 270 691 Nec
285 627 417 690 factura
433 605 518 700 urbi,
536 623 597 692 sod
613 623 805 690 deductura
818 630 991 710 munos.
1046 601 1054 620 ⁸

192 734 375 800 Libertatis
390 734 453 802 orit
467 738 584 802 custos
600 731 745 802 victoria
759 741 887 814 nostra,

195 844 240 909 Et
253 845 377 927 legum.
392 865 456 913 neo
470 847 502 914 si
518 865 586 914 non
599 845 675 914 hum
690 845 1032 932 perspectissimum

194 955 413 1032 Numinibus,
429 963 554 1025 nostrae
570 957 736 1025 lavissent
749 959 889 1026 numine
902 976 1029 1024 oausm.

195 1063 264 1130 Gur
279 1067 391 1148 gravis
407 1073 466 1132 aut
479 1067 671 1146 metuenda,
687 1068 820 1146 Patres,
834 1070 1203 1152 stampinsem,

196 1175 284 1258 Quae
300 1179 405 1242 vitam
419 1184 469 1244 tot
484 1179 628 1251 devictis
643 1179 738 1246 dedit
751 1179 919 1256 hostibus,
935 1185 971 1243 et
983 1183 1035 1244 tot

195 1289 364 1354 Exulibus
379 1289 547 1357 redituml
571 1291 648 1374 quis
658 1290 761 1375 jussu
776 1289 925 1357 cesaris
939 1305 1090 1372 unum

196 1399 287 1464 Dum
303 1399 425 1462 siluere
440 1401 544 1475 tubae,
555 1400 731 1483 jugulatus
745 1399 902 1468 condidit
910 1398 1046 1468 bmu'st
1099 1453 1104 1464 .

194 1509 369 1592 Scipiadae
384 1508 519 1577 chartas
531 1513 614 1591 post
628 1509 760 1592 Thapsi
774 1509 867 1576 bella
881 1508 1030 1576 emman

194 1617 277 1684 Non
291 1619 411 1696 lectus,
423 1639 469 1688 ne
484 1637 572 1700 quos
587 1617 709 1684 Victor
724 1619 930 1701 deprendere
945 1635 1096 1701 possm,

195 1729 240 1796 Et
254 1731 372 1814 punire
386 1730 515 1798 hostes.
531 1730 646 1814 potius
662 1750 765 1814 quarn
780 1729 876 1798 caede
892 1729 979 1798 meru·

196 1840 374 1906 Nobilium
389 1839 477 1904 hunc
493 1839 609 1917 vitam,
624 1841 756 1906 nescire
771 1841 925 1924 pericula
938 1845 1057 1908 nom

196 1951 305 2035 Elegi.
320 1971 384 2021 ncc
399 1973 469 2018 non
483 1952 609 2018 invitus
621 1950 674 2038 (N
675 1952 792 2020 umine
805 1950 927 2037 testor)

196 2061 341 2129 Civilem
356 2065 487 2148 sumpsi
503 2063 663 2146 gladium,
678 2063 758 2130 dum
773 2063 916 2146 prmmia
925 2062 1021 2146 justa
1148 2141 1152 2150 ‚

196 2175 370 2239 Bellorum
383 2175 476 2240 bello
492 2174 704 2257 conquirere,
720 2192 850 2256 proque
866 2169 1055 2256 triumphis,

196 2284 296 2361 Quos
310 2291 362 2350 tot
374 2291 467 2352 trans
483 2285 593 2368 Alpes
609 2303 729 2362 annos,
746 2284 961 2368 Pontumque
976 2283 1192 2358 nummu,

195 2395 240 2462 Et
255 2395 412 2460 Rhenum
426 2397 533 2461 merui
548 2395 730 2473 vincendo,
743 2395 878 2462 vincere
892 2413 998 2478 cogor

197 2505 352 2585 Rursus3
376 2511 409 2570 et
423 2506 587 2574 invidiam
602 2506 656 2570 his
671 2507 786 2582 armis,
801 2506 928 2590 quibus
943 2511 1020 2570 anto
1034 2503 1175 2572 senona

196 2615 343 2680 Edomui
359 2616 530 2696 Britonas,
545 2617 691 2694 Suevos,
705 2615 906 2698 Gallosque,
921 2614 1071 2682 domare.

196 2723 265 2790 His
280 2725 402 2790 iisdem
416 2725 543 2803 forsan,
559 2727 925 2803 venumdabimus,
941 2727 1044 2796 umis

171 2843 176 2852 '
194 2834 249 2921 (Si
264 2856 332 2899 non
348 2837 384 2900 in
399 2836 544 2920 patrium
559 2855 747 2920 paucorum
762 2835 886 2920 injuria
899 2837 1027 2906 bellura

131 2979 135 2986 ·
195 2943 380 3029 Vertisset)
395 2945 504 3043 {ratiis
519 2947 678 3029 Babylon
693 2947 842 3032 spoliata
855 2947 997 3031 tropaeis

194 3051 219 3116 J
220 3053 404 3118 umdudum
419 3061 554 3124 nostros
569 3058 710 3123 lenisset
724 3058 822 3126 clude
837 3057 985 3136 dolores,

182 3159 394 3245 ,Ultimaque
409 3163 584 3232 Ausonias
599 3169 814 3234 tremuissent
828 3168 955 3234 Bactra
968 3168 1127 3236 Securos.

195 3269 286 3332 Haec
298 3270 371 3352 jam
385 3273 476 3336 bella
490 3275 574 3340 mihi
590 3278 726 3344 Numen
740 3273 935 3362 peragenda
948 3279 1094 3362 reliquit.

97 3375 102 3386 '
192 3377 252 3442 Ad
267 3378 424 3458 Parthos,
442 3383 574 3464 Patres,
590 3389 697 3454 sivos
713 3388 907 3468 decernitis,
922 3389 1003 3470 ibo,

192 3487 238 3550 Et
255 3487 354 3550 simul
371 3511 412 3556 ac
428 3493 533 3558 Tauri
548 3499 590 3562 de
606 3500 768 3568 cornibus
783 3519 906 3569 aureus
920 3501 994 3566 exit

73 3665 82 3674 ,
190 3595 359 3670 Phoebus,
376 3601 420 3662 ad
436 3601 530 3670 ans
545 3608 703 3676 victricia
717 3613 815 3700 signa
829 3613 1004 3698 pharetras

190 3703 408 3776 Convertam-
431 3710 607 3784 Ausonias
621 3720 781 3806 Aquilae,
797 3723 992 3808 amissulssfl
1007 3724 1107 3808 ⁸58⁰*

190 3809 265 3878 Aut
278 3813 422 3880 referam
437 3827 496 3884 eut
509 3831 656 3913 moriar3
679 3835 792 3919 dignis
807 3816 869 3904 aut
881 3835 1038 3904 cladibus
1052 3835 1146 3906 ullu
1189 3895 1195 3904 .

190 3921 290 3985 Τιιηο
307 3923 380 3998 erit,
397 3933 455 3990 aut
470 3947 563 3996 caeso
580 3945 765 4014 comitatus
780 3948 920 4014 Caesare
935 3945 1093 4015 Crassus·

192 4025 382 4094 Assenserc
399 4033 538 4102 Patres:
561 4045 695 4124 placuit
708 4062 780 4124 tam
792 4060 908 4124 nobile
923 4054 1062 4136 bellum,

192 4135 366 4202 Et'tuntus
382 4139 523 4212 Ductor.
540 4154 598 4216 cui
612 4155 776 4236 Parthica
790 4171 883 4238 bolla
896 4169 1043 4238 smum

192 4241 436 4330 nequicquam
449 4257 600 4328 mmdet.
616 4277 744 4358 emptis
758 4281 955 4368 ingentibus
966 4281 1106 4350 abtum
