2708 4866
342 359 577 436 nucum.
621 357 734 430 ΜΒ.
756 361 821 432 .11.
1078 362 1144 432 Μ

51 532 157 618 Major
171 533 339 602 adulterio
351 533 526 603 delictum.
540 525 673 619 turpius
687 534 772 602 isset

47 643 143 728 (Quis
157 643 407 730 creditt)tjusti
421 643 467 710 ad
480 643 649 716 thalamos
661 644 847 730 Cleopatra
859 645 991 726 mariti3
1077 679 1079 690 =

48 753 153 837 thue
166 755 278 820 minus
291 737 383 820 lecto
393 759 564 838 peccaret,
580 755 735 822 adultera
749 755 842 842 lauta
862 761 926 822 est

84 861 193 930 Poena
205 869 319 930 tamen
329 861 501 948 sequutum
523 863 639 930 furum
652 865 776 949 pignus
790 865 927 944 enoris,

46 969 199 1039 Caesareo
213 973 346 1052 infelix¹
361 973 443 1040 latis
457 978 636 1056 generatus
650 975 778 1058 iniquis

45 1080 186 1148 Caesaris
199 1082 348 1175 Augusti
362 1081 463 1150 cadet
477 1083 559 1148 olim
573 1085 715 1150 victima
727 1084 825 1150 ferro·
848 1153 853 1162 ,

44 1189 217 1258 Cosareos
231 1193 369 1260 tristans
384 1197 531 1277 cognata
544 1193 641 1260 ccede
656 1195 816 1262 Penates.

80 1301 251 1386 Tempora
264 1303 346 1368 dum
359 1302 486 1371 Pbario
501 1302 633 1370 Ductor
643 1305 805 1390 dependit
814 1305 921 1372 amori

42 1411 223 1490 Ausonius,
238 1413 381 1498 Libycis
396 1413 517 1480 iterum
530 1412 719 1498 fragmenta
731 1415 839 1482 ruina

42 1502 248 1602 'lbcssalice
262 1525 359 1590 terris
375 1530 510 1603 coeunt,
526 1543 604 1609 quae
618 1543 761 1607 magnus
779 1524 904 1608 agebat

42 1632 154 1718 Scipio
170 1635 242 1700 dux
256 1637 349 1702 belli.
365 1656 444 1718 curn
458 1656 528 1721 quo
541 1635 629 1723 (jan
644 1633 927 1724 Quaesumus,

41 1739 204 1820 Quamvis
217 1745 275 1810 ille
291 1751 404 1812 bucer
418 1747 521 1814 toties
534 1747 600 1814 sub
618 1743 756 1812 Caesare
771 1741 894 1820 Gallot

40 1851 235 1940 Sbavisset)
255 1854 353 1922 fortis
367 1857 482 1950 stabat
495 1856 667 1924 Labienus
682 1854 719 1918 in
732 1853 847 1925 armis.

40 1962 105 2027 Hic
119 1970 261 2030 sanctos
276 1963 364 2032 Cato
373 1967 509 2051 privata
522 1984 591 2030 non
605 1964 760 2030 concitus
774 1963 838 2041 ira,

38 2071 101 2136 Sed
115 2075 237 2156 patria
252 2075 442 2158 imperinm,
458 2080 493 2144 et
507 2075 701 2145 communia
714 2075 813 2160 signa
827 2075 965 2140 secutae

39 2180 160 2248 Militat
171 2203 181 2262 ;
204 2183 340 2268 injustis
355 2183 412 2249 bic
426 2190 495 2250 stat
509 2183 666 2270 Petrejus
679 2185 716 2250 in
727 2182 841 2268 armis,

38 2289 169 2358 Oblitus
178 2293 270 2378 fidei,
285 2293 382 2360 terris
397 2313 499 2378 quem
513 2291 632 2377 Cesar
646 2294 757 2366 Iberia

38 2399 209 2468 Donasset
222 2403 313 2483 vite3
335 2410 370 2468 et
384 2402 511 2484 Varus,
527 2404 584 2470 cui
599 2409 751 2474 cesserat
764 2401 876 2472 omnis

34 2509 171 2589 Attrioa,
188 2511 443 2604 Romanisque
458 2518 530 2578 tum
540 2514 605 2578 sub
620 2513 774 2582 fascibus
788 2516 892 2592 earet,

35 2619 145 2698 Quam
160 2622 289 2690 ditione
304 2627 427 2712 patene
443 2623 526 2690 olim
542 2621 710 2706 Carthago
727 2621 876 2688 tenebat.

33 2731 196 2797 Deiectus
209 2731 329 2816 Libyae
343 2737 483 2810 turmas,
498 2737 533 2798 et
546 2731 681 2798 Punica
694 2751 812 2800 secum

33 2840 179 2923 Agmina
195 2841 344 2920 ducebat
356 2841 482 2920 Varus,
496 2841 637 2908 fallacia
651 2841 768 2922 eorda,

32 2951 189 3018 Membra
200 2953 313 3019 leves:
335 2953 446 3020 rubris
460 2951 570 3018 induti
583 2953 846 3020 vestibnsibont

32 3063 76 3128 Ut
89 3064 250 3130 bunmin
260 3064 352 3130 bello
367 3063 432 3158 bac
449 3064 598 3132 celarent
609 3069 681 3130 arte
695 3079 859 3130 cruorem.

30 3173 99 3240 Snb
115 3174 214 3242 Varo
228 3173 378 3260 populos
393 3174 585 3242 sitientibus
599 3172 697 3240 arida
709 3173 807 3241 venis

29 3285 160 3370 Cyrene
176 3285 354 3372 Barceque
369 3304 452 3351 suos
467 3285 511 3350 ad
525 3283 650 3370 proelia
663 3281 810 3362 mittrml,

29 3396 188 3482 Quaeque
203 3395 297 3464 Afris
312 3397 449 3464 Siculos
463 3395 663 3482 permiscuit
675 3392 744 3458 AEa
761 3390 915 3458 colonos.

24 3509 188 3576 Tabraca
202 3507 368 3574 bellmtes
381 3508 485 3602 Tyrio
501 3505 544 3580 dc
559 3502 722 3586 sauguine
736 3507 865 3566 turmas

28 3617 146 3696 Mittit,
161 3625 199 3684 et
212 3618 352 3704 antiqua
360 3617 563 3684 Phoenicum
577 3615 682 3698 stirpe
696 3617 830 3678 creatos

28 3729 96 3796 Dat
109 3728 264 3813 populos
275 3727 416 3812 Libycis
430 3727 575 3794 dilectus
588 3723 725 3806 regibus
740 3721 886 3810 Hippo,;

26 3841 141 3926 Atque
157 3837 275 3918 Utica,
290 3843 326 3904 et
338 3844 433 3906 tanto
446 3838 607 3924 Thapsus
621 3840 703 3922 post
715 3835 843 3918 inclyta
856 3832 958 3908 bello.

65 3951 223 4018 Advenit
236 3951 291 4016 bis
305 3949 437 4036 Libyco
451 3967 569 4034 regum
580 3946 674 4012 iuba
686 3946 858 4012 maximus
868 3943 963 4020 orbe,

26 4061 94 4143 Qui
104 4063 183 4147 jam
198 4060 360 4126 Cesarea
372 4061 489 4128 leam
503 4059 547 4125 de
562 4055 873 4142 cladetn'umpbum
977 4145 980 4152 .

25 4173 204 4254 Duxerat;
227 4171 349 4238 infelix
362 4170 490 4236 cecidit
503 4189 581 4236 cnm
598 4165 835 4265 Curioyiraude

24 4285 217 4371 Deceptus.
232 4283 373 4350 domino
385 4281 565 4370 imperinm
578 4299 648 4348 non
661 4278 764 4346 latius
777 4274 838 4350 ulli
