2746 4864
410 917 620 1040 semein
640 924 823 994 casnm

188 1163 978 1294 srechEN
1167 1134 1255 1298 ’,

423 1473 579 1559 'num
599 1485 800 1558 crvlcts.

500 1745 740 1834 aaa.

55 2039 213 2134 Onesi!
222 2065 297 2154 jam
310 2069 419 2138 totum
433 2069 544 2136 victor
552 2029 738 2140 'Rorumus
750 2071 909 2152 habebat,

57 2179 141 2262 Qua
154 2201 258 2262 mare,
274 2183 466 2266 qua'terrae,
482 2199 552 2270 qua
567 2183 664 2250 sidus
677 2183 781 2250 currit
795 2183 985 2274 utrunique,
1043 2189 1047 2268 j

58 2291 138 2360 Nec
154 2295 299 2374 satiatus
314 2299 397 2362 erat.
420 2293 570 2379 gravidis
585 2293 671 2362 freta
685 2297 788 2382 pul'sa
802 2297 928 2364 carinis

54 2403 140 2473 Jam
152 2395 429 2492 peragebantur.
452 2408 482 2473 si
497 2409 575 2496 quis
590 2407 686 2474 sinus
701 2407 839 2478 abditus
854 2411 953 2491 ultra,

55 2520 98 2585 Si
113 2519 286 2606 quareret
300 2521 402 2586 tellus
422 2541 501 2608 quae
516 2521 648 2592 fulvum
661 2521 807 2591 mitteret
821 2541 951 2606 aurum,

57 2631 187 2699 Hostis
201 2640 292 2700 erat:
315 2627 464 2722 fatisque
479 2633 515 2701 in
529 2632 639 2702 tristia
652 2633 745 2702 bella
759 2637 889 2724 paratis

57 2745 310 2826 Quaerebantur
324 2767 422 2834 opes.
443 2767 513 2814 ncn
526 2745 630 2834 vulgo
644 2752 728 2816 nota
741 2749 928 2836 placebant

58 2857 219 2924 Gaudia:
240 2871 310 2926 riou
323 2879 391 2926 usu
405 2859 541 2946 plebeio
556 2859 635 2928 trita
649 2853 829 2948 voluptas:

59 2968 207 3054 Assyria
220 2973 386 3038 concham
399 2967 565 3039 laudabat
578 2968 677 3038 miles
691 2972 728 3038 in
742 2971 845 3040 unda.

59 3077 240 3159 Quaesitus
254 3070 477 3152 tellureui‘tcr
492 3087 681 3152 certaverat
694 3087 799 3149 ostro.

58 3191 156 3258 Hinc
172 3191 333 3260 Numidae
348 3197 493 3274 crustas,
508 3195 603 3262 illinc
618 3215 710 3262 nova
723 3195 851 3261 veiiera
866 3193 978 3274 Seres,

57 3303 176 3390 Atque
190 3302 343 3404 Araburu
357 3303 509 3392 populus
524 3323 589 3370 sua
609 3303 863 3396 despoliaverat
877 3325 969 3372 arva.
1106 3325 1118 3412 ’V

59 3414 155 3480 Ecce
171 3414 248 3480 alise
264 3414 393 3494 clades,
409 3421 443 3481 et
456 3415 553 3484 laesae
567 3417 710 3484 vulnera
723 3415 834 3504 pacis.

60 3525 236 3605 Quaeritur
247 3525 396 3594 in'silvis
412 3521 526 3592 Mauri
540 3527 630 3594 iera:
653 3531 688 3594 et
701 3527 841 3594 ultimus
857 3525 1003 3593 Ammon

59 3635 222 3701 Afrorum
236 3637 417 3704 excutitur.
438 3657 482 3704 ne
497 3637 587 3706 desit
600 3635 716 3704 bellua
736 3635 836 3704 dente

59 3745 118 3812 Ad
132 3752 258 3812 mortes
272 3747 432 3832 preciosa
444 3767 538 3815 suas.
561 3747 683 3836 premit
697 3749 829 3817 advena
844 3747 975 3816 classes

58 3857 186 3942 Tigris,
201 3863 236 3922 et
251 3863 371 3924 aurata
385 3859 543 3944 gradiens
557 3865 712 3928 vectatur
726 3861 761 3928 in
776 3857 867 3940 aula,

61 3967 110 4033 Ut
124 3967 221 4034 bibat
233 3969 417 4036 humanum
432 3969 563 4056 populo
578 3968 761 4058 plaudente
776 3989 941 4038 cruorem.
1043 3948 1048 3964 ⁸
1079 4060 1082 4070 Ι

60 4075 144 4144 Heu
158 4077 266 4168 pudet
277 4077 383 4160 effari,
398 4081 615 4170 perituraque
629 4080 772 4170 prodere
787 4081 876 4149 fata:

60 4189 244 4258 Persarum
257 4189 324 4258 ritu
337 4193 427 4262 maie
442 4193 710 4280 pubescentibus
725 4193 824 4262 annis

60 4303 262 4390 surripuere
275 4291 391 4389 rir0s3
412 4311 619 4394 exsectaque
633 4307 768 4378 viscera
781 4305 869 4371 ferro
973 4393 976 4402 ¹

61 4413 102 4479 In
115 4433 276 4482 venerem
291 4415 436 4502 fregere:
459 4423 562 4504 etque
577 4421 615 4484 ut
629 4417 711 4505 suga
724 4417 862 4487 mobilis
878 4417 946 4483 aevi
