2708 4866
175 385 248 452 'm
346 437 351 455 .
439 377 1029 450 verecundemur
1119 391 1161 444 ⁴.

183 555 311 624 Inferni
324 577 443 624 manes
456 556 585 624 coeium
598 575 735 642 apeme
745 555 919 640 jrdrentn'r.

182 671 299 753 Quare
313 691 387 755 ege,
404 670 502 747 Fors,
514 671 611 734 muta
623 665 835 754 puuctumia
847 665 971 751 predia
980 663 1131 746 edm,

181 781 426 868 Romanosque
442 779 506 858 cie,
521 779 705 846 abnostris
719 778 766 844 de
777 777 898 846 funera
910 781 1036 864 regnis.

180 891 395 978 iampridem
405 891 501 958 nullo
515 889 750 976 perfundimus
764 910 827 958 um
839 909 972 971 cruore,

183 999 259 1072 Nec
273 1023 351 1072 mea
364 1004 552 1089 'Iisipbone
568 1003 721 1070 sitientes
734 1001 859 1087 peribit
871 1007 967 1072 artas

182 1115 237 1184 Ex
249 1136 322 1202 quo
337 1116 500 1182 Sullanus
513 1115 600 1182 bibit
613 1115 718 1192 ensis,
733 1118 768 1180 et
780 1115 918 1182 horrida
930 1115 1035 1182 tellus

180 1227 489 1294 Extulitinlucem
501 1227 645 1292 dubites
660 1225 963 1311 sauguinefruges.
1176 1281 1180 1288 .

182 1337 272 1404 Haec
288 1338 348 1402 ubi
362 1337 455 1402 dicta
469 1336 573 1414 dedit,
589 1337 719 1402 dextre
735 1338 940 1423 conjmgere
955 1337 1115 1406 dextrum

180 1448 344 1536 Gonatus,
359 1453 459 1532 rupto
473 1448 627 1514 tellurem
642 1447 747 1512 solvit
758 1448 866 1515 biaut.

179 1561 278 1626 'lunc
293 1561 428 1628 fortuna
441 1561 511 1624 levi
524 1557 658 1624 defudit
669 1564 809 1642 pectore
823 1575 951 1624 voces:

182 1671 382 1752 0Genitor,
398 1674 456 1739 cui
470 1671 592 1754 Cocyti
606 1671 795 1756 penetralia
811 1675 943 1753 parent,
1105 1744 1109 1752 ¹

181 1787 220 1851 si
233 1787 337 1852 modo
351 1804 435 1850 vera
447 1784 530 1850 milti
542 1783 600 1850 fus
612 1787 666 1848 est
679 1779 974 1868 impune'prcfiri,

98 1965 102 1972 ,
182 1899 275 1966 Vota
288 1899 351 1963 tibi
366 1897 505 1962 cedent:
528 1915 592 1962 nec
608 1897 699 1960 enim
712 1895 822 1960 minor
835 1895 886 1960 ire
899 1893 1044 1959 rebellat

182 2009 326 2078 Pectore
340 2012 376 2074 iu
389 2010 467 2087 buc,
482 2009 658 2094 leviorque
672 2008 785 2074 exurit
796 2005 937 2072 mnne
946 2005 1133 2074 medullas.

182 2121 318 2201 Omnia,
333 2143 411 2208 quoe
427 2123 532 2188 tribui
545 2121 713 2191 &mulie
727 2119 877 2197 arcibus,
893 2117 974 2201 odi3

183 2234 451 2319 Muneribusque
463 2233 552 2300 mdc
563 2234 714 2298 mucor:
736 2231 887 2298 destruet
900 2233 988 2324 istae

182 2341 291 2426 Idem,
306 2348 365 2432 qui
379 2347 507 2432 posuit,
521 2347 633 2412 moles
646 2346 757 2411 Deus.
777 2351 831 2410 cst
843 2343 926 2410 mibi
941 2344 1039 2416 cordi

182 2457 322 2545 Quippe
338 2478 486 2524 cremare
500 2460 605 2537 virus,
620 2463 655 2524 et
668 2459 832 2542 sanguine
847 2475 992 2543 pascere
1005 2458 1142 2524 uxum.

181 2571 292 2639 Cerno
307 2573 465 2660 equidem
480 2571 614 2654 gemina
622 2571 697 2657 jam
710 2575 836 2636 sbatos
848 2575 955 2636 morte
970 2569 1171 2658 Philippos,

180 2682 440 2770 'lbessaliaeque
453 2703 568 2768 rugus,
583 2689 625 2750 et
638 2684 759 2750 brnere
772 2684 882 2768 genus
896 2682 1019 2750 lberoe.

180 2791 204 2861 J
205 2815 261 2860 am
274 2795 389 2878 fragor
402 2813 571 2860 umorum
583 2795 793 2882 trepidantes
806 2801 969 2879 pmmnat
982 2813 1097 2862 amus.

180 2901 227 2974 Et
240 2909 360 2993 libyen
377 2927 479 2984 cerno
493 2915 556 2974 tua
568 2907 650 2982 Nile
663 2905 833 2992 gementia
846 2907 1010 2986 clumbe,

179 3017 414 3106 Actiacosque
429 3022 536 3098 dutus,
549 3025 587 3088 et
599 3018 775 3105 Apollinis
789 3037 885 3084 arma
896 3021 1070 3088 timentes.

180 3130 303 3216 Pande
314 3151 379 3220 age
392 3137 554 3198 tenerum
567 3131 719 3198 sitientia
729 3149 836 3213 regne
847 3137 996 3212 tucrum,

179 3239 294 3328 Atque
309 3244 442 3309 animas
455 3261 592 3310 arcense
606 3261 730 3310 nouas.
749 3243 823 3309 Vix
835 3244 957 3311 multu
967 3241 1179 3312 Purffimeus

180 3353 332 3423 Sufficiet
346 3355 530 3422 simulacre
541 3353 843 3422 virumtrndueere
859 3358 994 3442 cymba,

179 3465 303 3536 Classe
317 3486 406 3552 opus
421 3473 485 3532 est.
507 3473 612 3551 tuque
626 3465 754 3549 ingenti
768 3469 893 3536 saliere
906 3470 1007 3536 runa

180 3577 317 3644 Pallida
330 3579 530 3663 Tisiphone,
546 3578 757 3663 concisaque
767 3579 910 3648 vulnera
923 3581 1061 3652 mande.

179 3689 236 3755 Ad
252 3691 390 3775 Stygios
403 3709 522 3756 manes
536 3691 713 3756 lacertum
721 3690 858 3758 ducitur
870 3693 976 3759 urbis.

93 3809 97 3816 '
179 3801 252 3867 Vix
266 3802 348 3868 dum
361 3802 505 3880 finieret,
519 3821 631 3886 qaum
637 3799 885 3890 tinlgurerupta
899 3824 1047 3874 corusco

180 3911 357 3978 Intremuit
371 3915 493 3990 nubes,
506 3913 682 3998 elisosque
696 3914 847 3982 abscidit
857 3916 968 4001 ignes,

179 4022 342 4089 Subsedit
355 4031 452 4110 pater
466 4023 671 4103 umbrarum,
686 4027 881 4114 gremioque
893 4029 1037 4094 reducto
1174 4049 1179 4062 ·

178 4133 338 4214 Tellnis,
354 4135 513 4222 pavitans
527 4133 694 4202 fraternus
708 4137 833 4222 palluit
845 4139 946 4206 ictus.

180 4243 352 4313 contnuo
368 4245 676 4314 cladeahontnnn
688 4251 1038 4338 venturaquedamue
1150 4283 1156 4294 ·

177 4357 355 4444 Auspiciis
370 4358 651 4445 putatne-Deduc
674 4379 821 4449 namque
834 4383 896 4429 ore
909 4371 1051 4430 eruente
