2746 4864
295 381 521 453 crvrms
564 383 743 456 nsum
788 385 895 456 LIB.
927 389 996 456 lx.

80 561 134 629 Et
148 579 249 628 sacer
262 561 299 626 in
315 559 436 644 Magni
452 560 583 627 cineres
597 563 801 630 mactabitur
814 559 916 646 Apis,

82 672 358 758 Suppositisque
374 671 461 736 Deis
476 691 572 736 uram
588 676 702 756 caput.
715 671 778 738 has
793 672 876 737 mihi
891 691 1014 755 poenes

83 783 196 848 Terra
211 782 326 847 dabit:
349 781 647 864 linquamvacucs
662 781 849 847 cultoribus
864 801 981 865 egros3

87 892 180 970 Nec,
196 891 301 958 Nilos
317 891 373 956 cui
389 895 533 967 crescet,
550 892 632 956 erit:
656 891 819 975 solusque
832 892 965 958 tenebis

88 1003 280 1087 AEgypturn
295 1001 436 1085 genitor,
453 999 594 1085 populis
609 1002 809 1086 superisque
823 1001 961 1086 tingetis.

86 1113 248 1190 Dixerat,
264 1117 299 1177 et
313 1112 461 1176 classem
476 1129 589 1176 servas
604 1113 761 1196 rapiebat
774 1114 809 1178 in
823 1113 945 1182 undas.

86 1221 159 1289 Sed
176 1221 264 1288 Cato
279 1223 455 1288 laudatum
465 1222 604 1306 juvenis
619 1223 834 1306 compescuit
848 1223 943 1288 irem.

134 1333 272 1399 Interes
285 1333 368 1398 totis
384 1332 501 1398 audito
515 1331 632 1396 funere
648 1329 767 1414 Magni
843 1391 849 1406 ,

88 1441 280 1508 Litteribns
295 1443 411 1508 sonuit
424 1461 609 1526 percussus
624 1441 820 1524 planctibus
835 1443 960 1510 aether:

86 1551 328 1636 Exemploque
344 1571 476 1648 carens,
492 1557 526 1615 et
540 1551 625 1614 nulli
641 1553 798 1634 cognitus
811 1573 889 1619 sevo

87 1661 220 1727 Luctus
234 1667 317 1740 eret,
336 1667 479 1728 mortem
493 1661 644 1745 populos
658 1661 781 1726 deflere
797 1665 958 1746 potentis.

86 1771 158 1838 Sed
173 1773 294 1856 magis,
310 1779 348 1838 ut
361 1773 438 1839 risa
452 1777 506 1837 est
519 1771 703 1854 lachrymis
719 1774 898 1853 exhaustu,
915 1777 1047 1842 solutas

87 1881 130 1948 In
146 1884 262 1950 vultus
278 1883 386 1948 effusa
401 1901 530 1960 comas,
547 1879 706 1948 Cornelia
721 1903 839 1968 puppe

87 1991 287 2076 Egrediens‚
303 2013 419 2058 rursus
434 1993 605 2077 geminato
620 1997 759 2060 verbere
773 1996 949 2078 plangunt.

85 2099 136 2168 Ut
151 2103 298 2186 primurn
314 2105 349 2167 in
365 2105 471 2196 sociae
487 2105 642 2188 pervenit
656 2105 771 2170 littora
785 2111 894 2184 terrae,

86 2211 236 2295 Collegit
249 2219 379 2301 vestes,
388 2217 571 2300 miserique
587 2215 733 2298 insignia
749 2215 883 2310 Magni,
1129 2217 1194 2284 175

87 2323 276 2408 Armaque,
292 2331 327 2390 et
340 2326 525 2411 impressas
540 2347 634 2404 auro,
649 2345 738 2410 quas
754 2331 907 2409 gesserat
920 2327 1013 2404 clim,

86 2433 256 2510 Exuvias,
272 2436 452 2521 pictasque
467 2443 577 2520 togas,
592 2437 763 2502 velamina
778 2457 911 2503 summo

86 2543 157 2610 Ter
172 2551 360 2629 conspecta
374 2547 396 2612 J
398 2549 468 2625 cvl,
484 2548 686 2631 funestoque
701 2548 813 2613 intulit
827 2549 908 2632 igni.

87 2654 154 2720 Ille
169 2655 234 2720 fuit
247 2656 380 2722 miserus
398 2657 515 2740 Magni
532 2659 629 2722 cinis.
645 2659 775 2742 accipit
789 2661 899 2724 omnis

88 2763 297 2848 Exemplum
311 2767 434 2850 pietas,
450 2773 572 2834 ettoto
587 2768 699 2834 littore
715 2769 818 2834 busta
1132 2771 1197 2838 180

94 2924 215 2977 1⁶19&
255 2929 304 2978 tes
314 2927 403 2975 tenebit.
443 2929 614 2992 stempas
658 2927 835 2977 coercendas.
877 2927 1003 2980 seeundo.
1048 2931 1096 2977 176
1098 2928 1195 2992 secmt.

86 3051 159 3114 cepit.
171 3051 225 3100 ltine
236 3059 318 3100 mue
334 3055 385 3114 eine
395 3059 419 3100 et
431 3051 591 3100 sacerdotibus
602 3053 630 3099 li·
690 3051 744 3099 175.
766 3050 845 3108 Vester,
855 3051 912 3116 dra]
926 3051 1086 3099 lld'erebentur
1094 3052 1196 3102 illustres

87 3129 138 3162 nee
149 3123 236 3164 restes.
254 3115 356 3182 Linigeri
366 3117 433 3173 mici,
444 3115 501 3178 dre]
527 3118 628 3164 idertiel.
656 3115 700 3166 riri
721 3117 782 3178 apud
810 3120 878 3164 Rern.
899 3117 924 3163 in
945 3129 1052 3178 ponpem
1069 3118 1196 3171 funebrem,

87 3195 180 3290 Q
175 3181 272 3306 isthic?
278 3185 324 3292 ι12.
342 3181 404 3296 ”3¹³2
415 3181 455 3228 lib.
469 3185 507 3228 1⁰.
525 3196 560 3228 rs.
574 3185 630 3231 175.
655 3179 774 3292 ωυῖρίιοιιξ
783 3180 1036 3292 insignilpushlroncrurpt
1042 3197 1104 3291 quola,
1112 3181 1197 3258 gessis-

258 3261 345 3294 ..ra
406 3281 412 3293 .
656 3259 756 3291 reo.n
835 3259 949 3292 omisso
1001 3259 1141 3293 onnon
1173 3261 1196 3292 ro

121 3310 178 3355 160.
198 3307 228 3356 Et
244 3323 305 3358 secer
319 3312 344 3358 in
355 3309 446 3373 Magni,
457 3308 516 3374 dre]
540 3311 571 3358 Et
589 3311 630 3356 bo·
655 3324 698 3354 suo
716 3259 901 3356 lrnnfflucrem
915 3259 1009 3370 prnzetls’t
1026 3261 1194 3358 Coneliepii·

88 3387 152 3428 reru,
163 3372 203 3434 qni
214 3373 275 3434 Apin
286 3377 363 3422 Deum
374 3381 531 3434 representet,
541 3382 565 3422 et
575 3383 629 3435 pert
655 3373 761 3420 lucrium
774 3373 829 3420 itero
838 3374 942 3420 virerum
952 3373 1027 3420 bostis
1035 3374 1194 3436 inJecteetqne

88 3443 168 3484 certos
182 3451 254 3484 annes
263 3439 390 3500 inpulsum
402 3438 551 3502 demergitur,
567 3453 630 3485 rnec-
655 3452 700 3484 nne
718 3443 818 3484 ommis
833 3438 905 3484 inisse
922 3451 992 3492 uma,
1004 3443 1028 3484 et
1038 3453 1090 3499 quer
1105 3439 1153 3486 illis
1170 3439 1194 3486 in

88 3501 145 3548 ubo
164 3501 194 3548 etl
211 3503 322 3550 tumulum
332 3502 447 3562 Pompeii.
464 3503 494 3550 de
505 3503 562 3564 Api,
575 3502 629 3550 ride
654 3502 703 3548 rite
720 3503 812 3549 luerent
828 3502 971 3558 merissime,
988 3501 1058 3550 docet
1070 3503 1153 3566 Virgil.
1170 3504 1195 3554 iu

88 3581 143 3626 qun
155 3566 186 3612 ed
196 3582 232 3614 rs.
242 3570 297 3616 479.
311 3575 334 3614 et
346 3569 402 3615 838.
413 3567 455 3614 lib.
465 3569 489 3614 8.
655 3567 737 3613 funere
745 3567 838 3622 Miseni,
848 3566 940 3614 AEneid.
952 3569 976 3614 6.

121 3633 178 3680 161.
197 3629 259 3686 Deir,
268 3631 325 3694 dre]
343 3633 446 3680 Deorum
457 3631 546 3680 ruinis.
688 3634 743 3679 177.
762 3630 879 3692 Pietasque
889 3630 970 3694 togae]
988 3630 1110 3687 Pelusiae,
1118 3633 1142 3680 id
1150 3639 1193 3686 eet,

120 3695 178 3742 16³.
195 3693 299 3759 Solusque
309 3697 396 3744 mactis.
427 3696 477 3742 Lib.
488 3702 510 3746 8.
524 3713 559 3744 vs.
572 3699 627 3746 803.
653 3695 890 3758 pnlrnirpicles‚quse
900 3697 1010 3757 gerebsut
1020 3697 1193 3757 triumphsntes.
1283 3717 1287 3730 ·

121 3761 178 3807 167.
196 3757 294 3816 loom,
311 3760 369 3823 dre]
416 3775 484 3822 peras
503 3762 628 3808 misenbili
687 3762 742 3808 178.
763 3758 806 3806 Ter
815 3769 929 3821 coropecto
938 3758 1009 3836 loct]
1031 3761 1087 3809 dori
1098 3762 1193 3822 (tupite-

88 3823 236 3884 nuncupas
245 3826 325 3874 exitus
337 3825 451 3888 Pompeii,
461 3824 629 3886 redintegretur
653 3824 701 3871 linc
715 3831 845 3886 conspecte,
854 3824 879 3872 in
890 3825 965 3872 tribus
976 3825 1156 3885 simplicite.
1168 3829 1192 3873 7.

87 3887 195 3947 plenctnr
208 3888 231 3934 in
241 3888 321 3937 littore
334 3889 423 3948 Alricc,
440 3905 492 3937 curn
504 3889 628 3951 amplifice·
653 3904 689 3936 re.
700 3887 757 3938 68⁵.
823 3933 828 3940 .

85 3951 151 4000 tione
161 3953 378 4016 ejuslryperbolics.
398 3955 503 4002 Hor-tm.
686 3956 742 4004 179.
760 3952 842 4016 Cirris]
859 3951 1129 4014 Imgimriumburturn,
1140 3953 1192 4002 lece

120 4018 178 4064 170.
195 4015 292 4066 Mortem
304 4019 416 4084 populeo]
442 4018 568 4083 Utpopuli
588 4019 628 4066 ds·
653 4017 991 4082 redeuntiumque]
1012 4017 1127 4065 Cornelio
1143 4019 1192 4080 pie·

86 4081 168 4128 flerent
192 4089 290 4130 nortem
311 4083 413 4146 potentie
435 4083 490 4141 riri,
513 4083 626 4144 Pompeii.
652 4089 722 4130 tatem
734 4091 758 4130 et
767 4083 846 4130 ceteri
856 4081 942 4130 imitsri
953 4083 1142 4143 representative
1151 4099 1193 4131 ex·

86 4144 217 4194 Helleaien.
652 4153 733 4194 truum
749 4150 817 4194 bustu
834 4154 859 4194 et
874 4147 1014 4207 sescupli·
1029 4147 1078 4193 suis
1095 4147 1191 4208 quisque

119 4211 175 4256 171.
193 4209 237 4258 Sed
247 4213 326 4275 magis,
338 4211 394 4276 dre]
412 4213 458 4259 Sed
475 4213 547 4272 maJcr
564 4212 627 4274 inqe-
653 4212 733 4260 amicir
744 4212 816 4273 quiin
827 4209 1119 4258 'liresexliuooculmersnt-

85 4275 186 4322 minem
194 4277 311 4338 pleucios,
322 4279 361 4324 nbi
373 4279 425 4324 viee
433 4285 469 4324 cst
481 4277 594 4324 Cornelis.
687 4279 741 4324 180.
760 4275 842 4324 Ettoto
851 4275 925 4323 littore
932 4275 1015 4338 m]
1032 4275 1115 4322 'lotum
1128 4275 1190 4336 rogis

118 4341 174 4386 174.
192 4339 281 4404 Secia]
298 4341 390 4398 Atrion,
401 4339 628 4403 cbiculum·
652 4339 715 4390 lueet
726 4341 790 4397 litus,
808 4355 854 4387 neu
872 4353 940 4386 secor
954 4347 1024 4398 etque
1035 4337 1075 4385 nbi
1085 4347 1190 4400 pestem

85 4406 186 4454 eltletc.
652 4404 723 4467 Apuli
735 4419 802 4466 egros
814 4411 838 4453 et
854 4409 942 4454 montes
958 4402 1013 4466 igne
1028 4417 1071 4466 per
1087 4403 1191 4466 lym
