2778 4866
404 353 641 430 LUCANI.
679 357 788 426 LIB.
824 357 910 428 vn.
1140 357 1206 430 5OE
1295 427 1298 434 .

99 520 267 588 Securum
282 519 403 588 Caesar
415 529 569 608 prestat,
584 545 654 590 non
668 527 771 592 robur
784 527 821 592 in
834 527 949 605 armis,
978 545 983 562 ⁸
1040 527 1044 534 '

99 632 183 698 Non
197 631 346 711 bonitas,
362 640 542 718 tantasque
557 655 700 719 aequans
715 638 906 704 Clementia
919 640 1021 704 vires.

97 745 325 830 Supplicibus
339 745 463 812 fmstra
477 749 623 825 veniam,
639 751 808 834 victisque
824 753 988 833 salutem

98 853 339 940 Exulibnsque
354 859 472 921 urbem
486 859 673 941 permittis3
698 860 848 926 Romula
862 861 987 927 sttrstra

98 964 252 1049 Imperia
266 987 431 1032 exornare
445 969 575 1045 studes,
591 969 673 1034 dnm
687 967 819 1053 legibus
835 971 962 1036 Orbem
981 981 984 988 '

98 1077 273 1144 Emendas
288 1080 448 1162 prudens,
464 1087 523 1146 aut
537 1082 669 1165 oppida
683 1081 795 1148 diruta
809 1084 931 1148 condis

100 1189 321 1272 Magnificus.
336 1193 440 1256 laniis
451 1193 652 1276 jamdudum
666 1195 820 1260 extincta
833 1197 940 1262 munis

99 1303 170 1367 Per
184 1311 217 1368 te
233 1310 301 1372 stat
314 1303 495 1386 Oartlmgo,
509 1307 678 1388 novisque
692 1301 833 1388 implete
848 1305 990 1370 Colonia

99 1413 256 1498 Exurgit,
271 1417 411 1480 nuribus
425 1433 494 1480 non
506 1416 579 1500 Jam
593 1413 776 1478 metuenda
790 1416 943 1496 [annin

98 1523 154 1588 'ln
170 1544 306 1609 quoqne
321 1533 502 1602 restauras,
520 1525 695 1608 Latiisque
709 1525 895 1592 habitanda
909 1526 1061 1594 Corinthi
1104 1521 1107 1528 ’

99 1633 236 1703 Moenia
250 1637 313 1700 das
329 1637 495 1716 Bimaris3
517 1657 581 1726 nec
596 1636 723 1698 sarnam
736 1636 935 1698 auctoribus
949 1637 1053 1702 ullam

101 1744 264 1810 Detrabis
280 1748 451 1832 antiqnis;
474 1748 534 1812 sed
551 1747 662 1810 adbuc
677 1747 821 1810 retinere
837 1753 975 1812 vetusta
1084 1775 1091 1788 ·

100 1853 255 1921 Nomina
269 1859 435 1940 permittis
449 1855 557 1924 totunr
570 1860 709 1940 vulgata
723 1873 785 1942 per
799 1860 927 1922 orbem.
968 1941 977 1954 „

145 1964 229 2029 Non
243 1973 356 2032 tumen
370 1968 445 2032 haec
460 1965 567 2032 samm
581 1965 747 2046 avertunt,
761 1989 826 2034 nec
841 1987 946 2054 regna
959 1973 1045 2036 tneri

101 2074 279 2160 Usnrpnta
293 2077 353 2141 din
368 2085 523 2161 possunt.
538 2097 606 2144 non
620 2082 790 2144 montibus
804 2082 876 2145 nlla

100 2186 295 2252 Conciliare
305 2188 426 2272 jugum
441 2191 615 2271 generosis
629 2209 769 2264 munera
783 2198 946 2276 possunt;

102 2297 181 2362 Nec
196 2299 385 2362 libertatem
400 2299 589 2364 Clementia
604 2309 727 2384 pensat
742 2303 946 2386 ademptam.

102 2407 250 2473 Invidiae
266 2411 423 2474 stimulos
438 2429 518 2494 ergo
532 2417 571 2474 ut
587 2412 692 2476 lenire
706 2413 860 2491 furentis,
908 2435 911 2440 ·

101 2517 148 2584 Et
162 2521 276 2604 cupite
290 2521 444 2598 insidias,
461 2539 548 2606 quas
562 2529 729 2588 maturare
745 2525 892 2608 quietern

103 2629 187 2695 Non
201 2632 324 2709 nescit,
338 2631 456 2696 Caesar
470 2634 572 2697 factis
587 2641 737 2698 avertere
753 2635 877 2716 possit,

101 2739 181 2806 Nec
195 2761 265 2806 non
279 2749 419 2808 externo
434 2743 589 2810 maculas
604 2747 796 2828 abstergere
810 2747 903 2810 bollo

101 2851 253 2934 Ciuilem
276 2875 353 2918 curn
363 2855 437 2939 jam
452 2855 569 2920 Crassi
585 2857 737 2922 vindicta
751 2857 897 2939 perisset

103 2963 232 3028 Debita
243 2963 445 3048 jamdudum
463 2966 582 3046 Latio;
601 2963 703 3051 jussu
717 2967 775 3029 ille
791 2965 938 3032 Senatus

100 3071 176 3158 (Ne
190 3079 324 3156 patrum
339 3075 491 3138 imminui
507 3075 663 3138 videatur
677 3093 777 3139 sacra
789 3075 965 3158 potestas)

103 3177 322 3272 Decretoqne
336 3191 439 3266 togae,
454 3185 607 3250 mandari
624 3187 785 3251 Parthica
799 3186 892 3250 bella

81 3375 85 3384 .
102 3293 313 3379 Suppliciter
327 3297 436 3379 petiit,
452 3295 537 3362 ielix
552 3303 590 3362 nt
603 3317 696 3362 more
710 3304 841 3361 retento

103 3405 266 3471 Romulei
282 3409 423 3491 antiquo
437 3410 570 3493 populi,
587 3407 779 3491 legionibus
793 3409 857 3471 iret

101 3519 261 3582 Tessera.
278 3520 398 3602 sicque
414 3519 519 3583 alacri
535 3520 719 3604 compellat
732 3537 819 3582 voce
835 3519 1018 3584 Senatum:

101 3627 140 3694 Si
155 3629 250 3706 mihi,
270 3631 454 3712 conscripti
471 3629 603 3707 Patrue,
617 3629 766 3713 quaesito
780 3635 934 3711 potestas

102 3737 217 3816 Esset,
232 3746 270 3803 ut
284 3741 422 3803 immani
437 3759 599 3822 saevoque
613 3739 789 3822 tyrannide
804 3739 900 3804 solus

103 3851 317 3934 Regnarem3
339 3856 378 3914 ut
391 3850 620 3934 quodcunque
631 3849 730 3932 jubet
746 3849 838 3914 furor
852 3851 990 3934 impius,
1006 3857 1066 3916 aut
1078 3869 1175 3916 mens

103 3963 212 4046 AEgra
225 3968 328 4038 metu,
344 3967 404 4026 aut
418 3961 540 4025 suadet
553 3961 666 4038 luxus,
681 3961 737 4024 vel
751 3979 860 4045 prava
874 3961 981 4026 libido

103 4073 319 4157 Exequerer:
342 4077 437 4140 tanto
451 4092 522 4139 non
536 4077 688 4156 ternpore
703 4071 918 4136 dissimulata

103 4185 271 4264 Consilia,
287 4194 321 4251 et
334 4187 432 4253 furiat
447 4187 632 4284 laurissent
641 4185 791 4270 pectoris
806 4183 928 4268 hujus3

103 4297 313 4364 iamdudum
328 4297 462 4383 gladios
477 4297 642 4364 sensisset
656 4295 771 4364 Roma
784 4293 963 4360 nefandos.
