2708 4866
348 393 588 462 LUCANI.
634 393 744 460 ΜΒ.
781 393 846 460 lv.
1089 399 1157 466 ate

49 567 238 636 Contendat
247 569 363 636 feralis
374 567 492 634 Amor.
537 569 694 633 Petreius
709 587 791 634 ense

49 679 104 746 Sic
118 683 266 747 breviter
280 681 420 748 stricto:
444 679 651 763 Libyconnn
669 680 818 744 maxime
834 677 980 764 Regum,

50 791 155 876 Cujus
169 794 372 860 honoratum
386 813 448 876 per
463 793 595 858 saecula
609 811 733 856 nomen
747 791 888 856 habebit
952 855 955 866 ,

49 901 215 981 Ausonia,
227 905 315 968 banc
330 905 467 969 laudern
480 905 537 969 eui
551 925 605 968 me
621 903 743 968 debere
761 902 905 980 fatebor,

49 1011 100 1098 (N
101 1035 140 1078 ec
157 1015 264 1098 pudet
279 1015 487 1100 Hesperium
504 1016 689 1082 Ductorem
705 1016 850 1092 discere,
865 1019 960 1080 tento

50 1121 145 1207 Rege
161 1125 318 1202 docente,
334 1125 437 1213 mori)
452 1127 571 1192 Latius
586 1129 747 1211 gaudebit
760 1127 889 1192 bonore

52 1235 130 1300 Hoc
147 1235 291 1313 Genius,
307 1243 398 1302 nete
415 1239 589 1322 captivum
605 1238 720 1304 Roma
735 1238 876 1314 videret,

52 1345 162 1426 Quem
176 1348 352 1413 libertates
367 1355 504 1413 nostras
525 1350 686 1434 legesque
707 1355 856 1414 tuentem

53 1459 222 1524 laudavit
235 1461 349 1539 toties,
367 1462 523 1544 sociique
534 1463 676 1526 infamia
690 1461 798 1545 Regis

55 1569 202 1652 Caesaris
219 1571 366 1655 injustos
377 1577 499 1655 posset
513 1572 890 1657 decorare-triumphos.

54 1679 165 1744 Roma
180 1679 295 1758 Jubae,
312 1683 402 1746 sicut
418 1681 627 1761 Masinissae,
643 1705 768 1749 nomen
784 1685 932 1765 amabit;

55 1790 127 1856 Nec
139 1793 279 1858 meliore
290 1799 373 1860 nota
388 1795 536 1878 signabit
550 1795 698 1860 Gaesaris
713 1801 793 1861 acta

55 1901 165 1982 Quam
182 1902 339 1972 Catilinae
355 1907 447 1984 olim,
460 1912 494 1971 et
509 1906 574 1971 diri
587 1907 746 1972 consulta
761 1906 913 1990 Cethegi.

55 2013 208 2093 Dixerat,
230 2023 264 2081 et
277 2019 359 2082 totis
381 2023 585 2084 eoncurnmt
598 2019 728 2084 viribus
746 2019 859 2096 ambo,

56 2124 227 2212 Grataque
243 2129 324 2195 dant
343 2131 557 2215 referuntque
568 2151 630 2215 per
644 2132 734 2196 iona
746 2131 887 2196 vulnera
901 2131 1049 2196 crebros.

56 2237 290 2306 Crederetboe
306 2244 500 2327 quisquam,
526 2247 621 2308 tanto
644 2243 835 2322 conamine,
851 2248 947 2308 tanta

56 2349 246 2434 Pugnatum
261 2354 383 2418 virtuto
398 2355 495 2432 mori,
507 2375 577 2420 non
585 2355 744 2420 vinceret
767 2354 904 2419 tandem

56 2461 210 2528 Petreius
226 2464 361 2529 cecidit.
376 2467 494 2542 retine,
517 2466 662 2543 Petreie,
678 2481 863 2549 parumper

57 2572 286 2640 Festinantem
303 2575 462 2652 animam,
479 2575 605 2640 elamat
614 2571 638 2638 J
639 2575 720 2652 uba,
737 2576 817 2639 dum
837 2594 954 2641 eomes
969 2575 1097 2641 umbrae

56 2684 186 2752 Umbra
200 2692 268 2752 tuae
283 2687 350 2750 hoc
373 2687 487 2770 gladio
503 2686 548 2752 ad
568 2686 706 2770 Stygias
725 2687 910 2752 demittitur
923 2681 1034 2752 undas

57 2795 142 2875 Quis
158 2798 252 2881 regni
263 2796 407 2880 posthae
424 2795 572 2862 confidet
582 2797 735 2863 viribus?
759 2803 818 2863 aut
833 2817 934 2882 quem

57 2905 176 2973 Gloria
186 2907 336 2991 decipiet
349 2908 486 2992 sceptri,
499 2907 621 2974 soliive
634 2909 771 2973 suberbi

58 3017 206 3084 Lubrica
220 3019 410 3103 majestast
434 3021 567 3084 eunctis
583 3021 736 3085 desertus
756 3019 800 3086 ad
822 3021 962 3085 umbras

58 3131 181 3196 Nudus
196 3151 249 3210 eo,
266 3152 374 3215 nuper
389 3131 521 3214 Libyco
536 3131 560 3196 J
561 3133 631 3196 uba
644 3131 816 3196 maximus
832 3131 924 3196 orbe.

57 3241 102 3307 At
115 3243 228 3320 vobis,
244 3243 365 3326 populi
382 3241 488 3318 infidi,
512 3248 547 3306 et
567 3243 641 3322 tibi,
662 3243 772 3307 Zama
785 3241 933 3306 rebellis.

58 3353 108 3417 Sit
123 3353 258 3418 Latium
269 3373 391 3436 precor
401 3372 510 3436 usque
522 3352 642 3436 jugum
659 3372 772 3436 grave,
787 3351 1032 3436 perfidiamque

60 3463 160 3530 llanc
175 3470 324 3531 vestram
339 3465 477 3529 domino
494 3465 633 3531 domino
648 3463 765 3548 pejore
781 3463 895 3528 luatis.

59 3576 155 3644 limo
172 3579 292 3643 iterum
304 3578 418 3661 gladio
435 3582 558 3662 pectus
572 3577 664 3656 ferit3
687 3575 802 3641 evolat
814 3595 894 3640 acer

60 3691 215 3775 Spiritus,
232 3691 571 3777 atemaequeoculos
583 3690 736 3754 clausere
758 3689 920 3756 tenebrae.

101 3803 194 3868 Ecce
209 3804 297 3868 alios
316 3805 441 3882 luctrrs,
465 3803 626 3886 aliudque
641 3821 703 3886 per
718 3821 860 3886 aequora
869 3801 972 3868 funus

62 3912 186 3980 Nobile
201 3913 409 3999 Thapsiacis
428 3915 579 3980 Fortuna
598 3913 744 3978 vehebat
766 3913 810 3978 ab
826 3913 927 3980 arria.

62 4023 177 4110 Scipio
194 4025 277 4090 Dux
292 4025 374 4091 belli
388 4031 484 4092 muta
499 4024 541 4092 de
558 4023 656 4090 clade
671 4030 846 4109 superstes

62 4133 142 4200 Non
157 4137 359 4228 dedignatus
375 4157 483 4223 parva
498 4142 626 4204 tentare
646 4137 763 4202 carina
892 4203 895 4212 ,

63 4245 105 4313 Et
118 4247 195 4313 sola
213 4249 381 4333 Libycum
396 4250 551 4335 pelagus,
567 4250 774 4335 properabat
788 4248 834 4315 ad
849 4265 927 4314 oras

64 4357 251 4446 Hispanas,
273 4361 333 4428 ubi
348 4361 507 4448 Pompeii
523 4357 639 4430 civilia
653 4365 780 4444 cogunt
