2708 4866
383 419 625 493 Lucam.
662 422 775 492 nlo.
812 426 858 492 V.

45 582 197 657 Flebile
211 589 372 677 Pompeii
385 593 504 674 latum,
519 615 563 660 ne
577 599 672 662 tanta
685 595 876 680 triumphos

43 701 229 768 'l'ristarst
242 701 372 767 clades.
396 703 458 768 sed
472 723 565 770 mors
580 725 622 772 aa
635 708 712 772 sola
725 707 857 774 relicta.

47 809 152 890 Qnae
168 819 240 878 turn
254 813 431 897 praeoipue
445 815 577 898 populo
592 824 777 904 expectata
790 819 925 900 fnisset,

46 920 178 990 Allius
193 924 300 992 infixa
314 929 368 990 est
384 927 627 1008 quarentibus,
643 933 677 994 et
690 930 778 994 bene
793 931 908 996 cuncti

46 1033 77 1100 J
77 1053 141 1104 am
157 1035 232 1101 sine
246 1035 391 1120 picturis
407 1035 527 1119 Magni
541 1037 733 1104 miserabile
748 1039 864 1118 letum,

50 1143 103 1212 Et
118 1147 245 1212 seriem
259 1151 362 1212 tantae
378 1153 525 1230 possunt
539 1165 726 1214 memorare
738 1149 857 1215 ruinae.

67 1239 77 1248 ’
101 1255 196 1335 Quis
208 1275 384 1322 numerare
400 1264 505 1341 quest
517 1257 624 1324 rariae
639 1259 841 1342 spectacula
854 1263 1015 1345 pompael

53 1365 159 1445 Quot
173 1367 306 1452 campis
320 1367 417 1436 ludi't
440 1385 532 1435 nova
547 1375 632 1452 quot
645 1371 831 1438 cortamina
846 1369 948 1438 Circo

53 1476 266 1561 Spectentur
279 1477 444 1562 populisl
467 1484 663 1563 quantoque
678 1479 846 1546 madescit
860 1501 964 1546 arena
1090 1569 1096 1576 ·

52 1587 233 1671 Sanguine
247 1587 414 1653 nobilium
429 1588 489 1654 dat
502 1603 589 1673 quas
605 1589 771 1673 Hyrcana
784 1589 930 1656 serarum

53 1697 178 1782 Sylva,
195 1705 254 1764 aut
266 1697 491 1764 monstriferis
504 1701 608 1766 nubit
622 1699 761 1766 Getulis
775 1701 934 1784 campisl

55 1807 156 1888 Quin
170 1815 205 1874 et
218 1817 394 1875 nocturnae
410 1810 613 1894 praefulgent
625 1809 775 1893 undiquc
788 1829 940 1895 pompae,

55 1919 328 2005 Delectantquc,
337 1925 437 2004 parat
450 1939 528 1992 cnm
543 1925 625 2005 post
639 1920 840 2003 spectacula
854 1919 972 2000 Cacsar

56 2027 175 2096 Nocte
190 2031 298 2096 redire
315 2031 453 2096 domurn
468 2037 540 2098 toto
556 2031 740 2097 famulante
756 2031 895 2098 Senatu.

56 2139 147 2206 Cum
161 2141 309 2206 mediam
325 2147 466 2212 cernunt
481 2142 688 2226 Elephantes
703 2143 751 2205 irc
765 2161 827 2225 per
840 2141 968 2228 urbem,

56 2250 103 2315 Et
117 2232 230 2316 lucem
245 2257 396 2335 gestare:
420 2252 530 2318 lorum
544 2253 603 2320 via
616 2252 730 2317 lactea
742 2252 854 2316 visum
869 2257 940 2318 est:

56 2362 128 2428 Tot
142 2361 243 2428 simul
258 2364 416 2430 accensis
429 2363 655 2450 stephanum
668 2368 764 2444 terga
777 2361 951 2438 micabant
1075 2406 1078 2419 ·

57 2472 213 2557 Ignibus,
225 2480 327 2558 atque
343 2475 439 2540 ibant
453 2475 653 2540 coelestibus
668 2473 793 2538 aemula
806 2472 925 2556 signis.

104 2581 181 2649 Nec
197 2589 309 2650 tantas
325 2585 477 2653 Victoris
493 2605 579 2669 opos
593 2584 794 2668 spectacula
807 2602 900 2650 vana

57 2693 242 2760 Testantnr
256 2695 387 2760 solum:
410 2695 472 2761 sed
486 2696 647 2762 dmaturo
661 2713 723 2778 pcr
736 2713 851 2758 ¹scrrrun

59 2803 237 2889 Exurgunt
250 2825 367 2890 opero,
381 2811 416 2870 et
430 2806 545 2874 saeclis
559 2804 713 2876 miranda
726 2802 860 2872 suturis.

60 2914 153 2980 Nam
167 2917 331 3000 templum
346 2915 483 2994 Veneri,
497 2917 619 3006 domus
634 2937 656 2980 a
670 2907 740 2999 qua
753 2915 776 2980 J
778 2915 849 2980 ulia
862 2917 944 2982 nata
958 2921 1020 2996 est,
1036 2999 1043 3007 Ι

59 3024 132 3091 Ant
143 3027 233 3111 pius,
248 3033 307 3091 aut
321 3031 415 3092 tanta
430 3027 584 3092 sublatus
599 3027 729 3109 origine
745 3023 864 3090 Cacsar

61 3133 283 3218 Magnificum
297 3137 458 3216 extruxit,
473 3137 664 3222 spoliisque
679 3135 813 3201 ornavit
828 3135 964 3219 opimis.
1054 3198 1062 3211 x

60 3244 110 3310 Ut
122 3246 272 3314 formosa
284 3247 405 3314 Venus
420 3253 514 3314 tanto
529 3247 684 3314 videatur
698 3247 825 3312 honore

60 3357 144 3422 Plus
158 3358 181 3424 J
183 3359 259 3424 ovis
278 3357 439 3437 Uxorem,
456 3339 491 3424 et
504 3357 683 3424 Tritonida
696 3360 844 3436 vincere,
859 3377 960 3444 quam
977 3379 1054 3435 cum

60 3469 173 3535 Aurea
187 3491 291 3554 poma
305 3471 357 3536 illi
370 3489 561 3536 nemorosae
575 3469 610 3534 in
624 3469 771 3534 vallibus
787 3467 861 3533 Idae

59 3580 232 3646 Jndicium
246 3579 382 3646 Paridis
398 3579 536 3658 Priamo
551 3579 656 3646 fatale
671 3579 834 3644 dedisset.

59 3687 209 3776 Plusque
223 3692 368 3766 Dionem
383 3698 562 3760 veneratur
576 3692 716 3756 numina
731 3688 897 3767 Mundus,

61 3803 170 3884 Quum
183 3805 239 3870 vel
253 3803 276 3869 J
278 3823 424 3875 unonem
439 3803 494 3868 vel
510 3801 675 3867 Pallada:
699 3800 834 3882 dignius
850 3799 930 3866 orbi

61 3913 193 3980 Nomen
205 3915 229 3981 J
230 3913 341 3980 udaoss
358 3921 514 3980 censetur
529 3911 645 4000 stirpis
660 3910 755 3994 origo

62 4026 168 4106 Quam
182 4025 351 4110 Superum
366 4023 512 4108 Regina,
528 4027 587 4088 aut
599 4020 725 4098 vertice
739 4026 821 4088 nata
835 4021 1014 4094 Tonantis.

61 4138 221 4203 Interiora
234 4155 318 4202 auro
332 4135 513 4202 radiabant
525 4133 655 4200 lumina
668 4131 805 4218 Templi
926 4223 933 4232 ι

62 4248 250 4326 Marmorei,
266 4253 463 4331 auratasque
477 4245 602 4324 trabes,
618 4244 808 4328 coelatuque
822 4243 929 4314 multa

60 4357 134 4426 Arte
148 4360 278 4427 micant
290 4356 496 4440 simulachra
511 4355 636 4433 Deum,
653 4359 687 4420 et
701 4354 866 4440 spirantia
880 4354 987 4437 signa.

1105 429 1170 496 ⁶67
