2708 4866
218 434 219 443 x
317 451 322 462 ,
356 389 599 494 aucant
634 393 761 462 mn·
782 395 828 464 v.

25 555 160 646 Quam
175 566 233 632 vel
247 563 470 644 Thessalicis,
485 565 541 632 vel
554 559 686 651 'lbapsi
699 553 852 632 tristibus
866 569 969 636 arvis.

26 676 205 742 Maxima
217 677 329 742 adhuc
344 681 474 742 restant
487 675 694 754 discrimina,
708 677 860 744 maxima
872 678 975 757 bella,

28 786 134 868 Quae
146 789 294 874 juvenes
309 786 439 854 actone
453 787 611 872 Pompeii
624 788 761 852 nomine
775 793 870 856 lanto

28 895 129 964 Non
143 897 294 981 indigna.
316 895 431 964 truces
444 897 579 962 vicinos
593 896 750 962 Gadibus
764 895 815 964 illi

32 1007 232 1074 Herculeis
246 1016 378 1074 mant
391 1009 552 1094 populos.
577 1007 750 1094 Hispania
764 1008 864 1074 sedes

30 1119 165 1184 Tertia
178 1119 355 1198 bellorum,
370 1126 405 1185 et
419 1117 569 1184 Romani
584 1137 689 1184 scena
702 1119 837 1186 furoris.

86 1228 205 1294 Currit
218 1231 262 1294 ad
277 1229 436 1310 occasus,
450 1235 670 1314 extremaque
683 1219 798 1296 littora
812 1227 934 1296 blandi

34 1337 62 1404 J
65 1359 128 1404 am
143 1339 248 1404 civile-
260 1340 370 1418 nefas,
386 1359 456 1424 qua
470 1359 547 1404 sese
563 1337 738 1422 Hispania
752 1321 872 1424 pandit

36 1449 191 1516 Ultima.
212 1469 282 1516 non
296 1451 358 1516 ulli
372 1451 503 1536 populo
517 1450 649 1535 majora
662 1449 819 1516 videntur

34 1556 151 1644 (Cum
164 1565 283 1626 vastus
297 1561 410 1626 sessos
425 1565 552 1626 exacta
565 1560 642 1624 luce
649 1559 790 1644 jugales

38 1667 183 1736 Proluit
196 1669 374 1758 Oceanus)
386 1670 556 1736 rutilantis
571 1689 719 1754 corpora
733 1669 869 1736 Phoebi.

39 1777 164 1864 Atque
174 1781 258 1846 'ideo
272 1775 437 1866 propiora
451 1801 524 1848 suoe
540 1786 639 1866 putat
652 1781 767 1846 incola
780 1785 879 1846 terroe

40 1889 238 1974 Deceptus,
253 1897 416 1975 tanquam
428 1911 505 1956 scse
520 1892 592 1956 illic
607 1890 742 1956 aetberis
757 1889 818 1956 alti
907 1940 912 1958 ,

44 1998 252 2066 Couvexnm
266 2001 417 2066 inclinet.
440 2000 502 2066 sed
516 2001 628 2085 majus
643 2003 687 2066 ab
703 2019 842 2085 aequore
856 2006 951 2070 unte

45 2109 234 2194 Surgentes
249 2109 393 2176 reddunt
407 2111 552 2188 nebula,
568 2111 734 2194 densique
748 2129 895 2196 vapores

47 2220 246 2305 Objectnm,
261 2221 376 2286 radios
392 2220 483 2286 oculi
500 2221 685 2288 diffundere
699 2222 799 2286 sueti.

47 2331 146 2396 Hinc
161 2351 229 2395 non
243 2329 315 2396 nlla
329 2331 446 2396 vident
460 2336 616 2414 surgente
631 2333 835 2415 crepuscula
845 2331 992 2420 Phoebo,

50 2441 130 2508 Nec
146 2441 306 2524 tugiam
329 2441 403 2508 dies
417 2441 522 2507 orittrr
537 2461 615 2512 cum
629 2441 722 2521 Sole,
738 2442 908 2526 caditque.

93 2551 184 2618 Tota
193 2551 290 2636 jacet
303 2552 389 2618 corii
403 2551 520 2636 specie
536 2550 661 2616 diffusa
675 2551 792 2618 bovini
825 2553 827 2558 '

1085 395 1150 464 569

49 2663 159 2730 Terra
173 2663 345 2748 Hispana,
361 2665 447 2728 mari
462 2663 576 2728 cincta
590 2661 752 2747 undique,
767 2669 802 2728 et
815 2663 928 2728 insule
945 2667 1048 2748 poene
1142 2680 1147 2692 ·

53 2773 174 2852 Facta,
188 2775 256 2838 nisi
270 2774 384 2856 gelida
398 2772 492 2858 quod
506 2773 694 2856 Pyrenms
709 2773 753 2836 ab
768 2771 875 2838 Arcto

53 2885 158 2952 Mons
174 2885 393 2971 irtterpositns
405 2883 519 2950 Gallis
535 2879 747 2948 disterminat
761 2884 862 2966 agris.

54 2995 238 3062 Facturum
252 2995 355 3062 tantis
369 3000 518 3060 montem
533 2992 680 3061 divortia
694 2993 790 3058 terris

56 3107 241 3173 Excelsnm
255 3105 372 3191 posuit
387 3105 531 3184 Natura,
547 3110 582 3170 et
594 3103 722 3171 vertice
737 3095 864 3169 coelum

56 3219 262 3303 AEqnamun
276 3237 421 3284 summo.
443 3217 570 3284 nudum
585 3221 649 3294 est,
665 3220 699 3280 ct
711 3214 861 3297 gramine
875 3213 969 3284 nullo
1096 3225 1110 3288 ’Δ

54 3327 236 3407 Vestitum,
252 3329 344 3415 quod
359 3327 537 3396 Gallorum
552 3325 809 3410 praepinguibus
824 3324 915 3392 arvis

57 3438 224 3524 Objicitnr
238 3439 383 3506 Boreale
397 3439 509 3504 latus:
533 3445 717 3523 contraque
733 3455 897 3504 cacumen

59 3551 138 3632 Qua
150 3551 281 3628 steriles
294 3557 392 3618 terrae
402 3571 553 3636 campos
568 3554 767 3636 prospectat
781 3547 905 3628 Iberce,

60 3661 271 3728 Frondosnm
284 3663 391 3728 silvas
406 3663 543 3739 densas,
559 3669 594 3726 et
607 3677 740 3745 pascua
753 3659 834 3724 lecta

62 3773 233 3854 Ostendit3
255 3778 417 3858 unquam
432 3772 526 3838 Galli
541 3771 700 3836 felicibus
715 3770 807 3836 arvis

62 3885 207 3951 Divitias
221 3883 324 3948 mons'
333 3883 399 3950 iste
414 3903 496 3948 suas
512 3885 741 3958 concesserat,
755 3885 860 3964 utque

62 3996 206 4062 Vestiret
220 4013 308 4073 sese,
322 4001 430 4062 terres
445 3993 611 4080 spoliarat
625 3993 757 4060 Iberas.

104 4105 282 4184 Nubifero,
297 4105 399 4172 samec
408 4107 445 4172 si
461 4105 593 4186 credas,
607 4107 746 4172 nomina
758 4106 865 4171 monti

63 4219 189 4303 Pyrene
204 4218 398 4284 miseranda
412 4217 516 4284 dedit.
539 4219 703 4302 regnabat
716 4219 753 4282 in
765 4217 827 4282 illo

66 4329 178 4396 Monte
192 4329 333 4412 Bebryx
348 4327 502 4407 Genitor,
517 4344 691 4414 parvaque
706 4327 844 4411 excepit
857 4325 893 4390 in
907 4323 987 4392 aula

66 4439 224 4526 Hospitio
239 4439 398 4508 Alciden
410 4440 562 4508 formosa
577 4443 727 4505 armenta
741 4441 910 4523 petentem

592 4551 614 4614 l
631 4565 655 4613 n
