2708 4866
187 395 255 464 ⁵84
366 499 371 506 ι
490 397 986 470 SUPPLEMENTUM

186 568 327 637 Robore
341 555 471 638 militiae
487 571 643 657 Lilybaeo
657 573 693 638 in
706 573 819 640 littore
834 573 965 642 Caesar.

186 680 264 747 Nee
280 683 323 748 de
339 703 432 749 more
447 703 511 768 suo
527 684 666 750 dederat
685 686 847 750 mandata
860 687 989 752 relictis

185 793 356 860 Militibus
373 815 441 878 quo
457 795 670 874 conveniant,
687 815 765 880 quae
780 797 879 878 signa
893 803 1089 881 sequantur,

168 902 339 998 ¹Quemve
354 911 471 990 petunt
484 911 631 990 portum,
645 907 842 990 permittens
857 905 972 972 omnia
985 906 1077 985 satia,

185 1013 413 1100 Forbmaeque
428 1036 500 1082 suae
516 1007 635 1081 tideus.
659 1015 738 1096 Gur,
754 1015 873 1082 Caesar
887 1016 1014 1100 inique,

184 1124 265 1191 Nou
279 1126 386 1210 pudet
399 1127 435 1190 in
449 1127 598 1192 minimis
612 1127 713 1194 toties
728 1127 853 1194 instare
869 1123 979 1208 faqori

183 1235 354 1316 Fortrmae,
370 1243 405 1303 et
417 1239 519 1302 toties
535 1257 637 1303 casus
652 1243 780 1303 tentare
795 1255 857 1320 per
872 1235 1014 1300 amnesi

182 1345 264 1412 Non
277 1347 340 1412 tibi
355 1353 410 1413 sat
422 1347 535 1412 visum
550 1352 613 1426 est,
628 1348 720 1412 bello
735 1345 829 1430 quod
844 1365 978 1430 semper
992 1350 1115 1430 aperto

182 1455 254 1523 Res
270 1459 341 1542 agit
352 1459 413 1523 illa
426 1465 515 1537 tuas,
531 1464 565 1524 et
578 1465 692 1524 tantos
708 1457 846 1524 conficit
860 1443 977 1524 hostes

181 1567 268 1634 Cum
282 1569 385 1654 plena
399 1589 532 1654 pugnas
547 1571 635 1649 acie,
648 1571 722 1634 sine
736 1571 842 1636 milite
857 1571 893 1635 ni
908 1575 941 1634 te
1011 1555 1013 1559 ⁸

180 1677 352 1765 Protegat,
368 1689 403 1748 et
416 1687 476 1746 tua
489 1683 705 1767 prospiciens
719 1679 897 1748 temeraria
912 1683 1025 1763 caepta

179 1789 315 1874 Dirigat
328 1793 364 1856 in
378 1791 511 1869 melius,
529 1792 638 1858 Ducis
654 1793 892 1878 objectumque
907 1790 1046 1874 periclis

179 1899 328 1967 Privatis
344 1903 447 1967 toties
461 1903 606 1984 redimat
620 1903 750 1988 capati
773 1919 818 1966 an
832 1899 894 1966 tibi
907 1911 1052 1984 parvum
1068 1903 1125 1964 ast

178 2009 347 2097 Effugisse
363 2014 466 2077 Phari
481 2001 635 2092 insidias,
651 2025 827 2098 parvaque
842 2012 969 2077 e'arlna¹

178 2121 348 2189 Nocturni
363 2128 471 2189 tutum
485 2113 614 2190 vidisse
628 2123 782 2208 pericula
797 2123 919 2207 pontii

177 2231 246 2298 Cur
260 2234 373 2313 Divae,
390 2233 568 2319 imperium
581 2236 645 2300 tibi
660 2253 739 2323 quae
748 2227 1065 2319 ‘promiserit‘orbim

169 2343 323 2410 -Casibus
339 2347 472 2428 exiguis
488 2347 675 2430 pretiosum
690 2344 843 2414 absumis
858 2347 1032 2410 amorem

219 2455 409 2540 Postquam
424 2457 601 2522 Admrueti
611 2457 741 2524 'frustm
755 2459 969 2540 eorrumpere
982 2451 1092 2520 fidum

177 2563 381 2644 Confidium,
397 2569 457 2652 qui
472 2567 645 2653 Scipiadae
662 2573 856 2634 servaverat
869 2568 985 2632 urbem

176 2673 365 2754 Praesidiis,
382 2675 500 2740 Caesar
514 2683 713 2757 tentaverat,
729 2671 845 2743 ordine
861 2681 965 2754 certo,

176 2784 413 2870 habuctaque
427 2787 515 2852 redit
529 2788 673 2869 legione,
689 2807 753 2853 neo
766 2781 851 2853 urbe
866 2787 982 2873 potiri,¹
1025 2801 1027 2810 ·

175 2896 244 2962 Sed
258 2902 331 2962 tuto
345 2917 496 2964 remeare
513 2900 619 2984 eupit.
643 2899 711 2966 Sed
726 2900 788 2966 vix
802 2893 992 2983 iuga-tentat
1015 2897 1044 2944 ··'
1156 2899 1160 2904 '

175 3008 413 3094 Induperatori
427 3028 594 3076 concessa
608 3016 662 3076 est
675 3017 769 3078 tuta:
792 3003 998 3096 trequentes
1133 3083 1136 3091 ,

174 3117 321 3184 Confidii
336 3128 515 3206 erumpunt
530 3121 684 3206 Equites,
698 3128 807 3207 atque
815 3120 1145 3206 ·agmina'mfbmff
1168 3121 1174 3134 ·
1215 3125 1219 3136 ·

174 3229 381 3315 Summaque
397 3231 560 3297 Ductoris
575 3230 652 3297 laus
667 3239 730 3312 est,
745 3239 781 3299 et
795 3227 933 3300 Ctesar'a
948 3231 1056 3317 digua·
1231 3253 1239 3264 ·

173 3339 389 3427 Rbuspinam
404 3343 510 3408 salvis
525 3343 679 3427 potuisse
694 3345 805 3410 redire
819 3345 976 3410 catervis.
1143 3345 1147 3352 ’

42 3537 44 3548 Ι
173 3452 257 3518 Sola
270 3454 373 3518 urbes
389 3456 474 3518 inter
490 3453 639 3538 Libycas
651 3456 725 3540 J'am
739 3453 957 3528 Campana
974 3473 979 3479 “

173 3561 370 3646 Perfugium
384 3566 477 3629 tenui
491 3569 598 3630 restat
611 3563 794 3650 Rbuspina
802 3565 952 3638 ,odberti

172 3673 266 3738 Hinc
281 3674 401 3740 iterum
417 3674 550 3740 Ductor
563 3675 644 3741 fatis
659 3695 817 3760 egressus
831 3678 961 3742 eisdem
994 3679 998 3690 '
1104 3705 1108 3708 ·

70 3843 76 3850 .
136 3797 139 3810 ·
172 3785 264 3850 Dum
279 3786 371 3870 cepit
386 3785 532 3868 Leptim,
548 3792 582 3852 et
596 3787 743 3853 firmavit
756 3789 889 3866 robore,
906 3809 1005 3874 paene

170 3875 297 3960 Amisit
310 3915 426 3960 rursus
441 3894 597 3961 reditum.
620 3897 845 3964 Labienus-in
859 3899 962 3964 umis

169 4005 261 4071 Acer
275 4011 357 4084 erat,
372 4005 565 4091 validisque
579 4008 655 4074 vias
669 4011 893 4096 proeeluseiat
906 4031 1026 4076 omues

170 4115 322 4182 Insidiis.
344 4116 479 4182 Virtute
494 4137 582 4204 opus
596 4121 661 4200 est,
675 4127 715 4186 et
725 4121 864 4204 cesare
878 4121 966 4188 toto(
989 4127 992 4138 '
1033 4127 1038 4136 '

170 4227 388 4314 Fortunaque
403 4229 479 4316 ejus
494 4249 627 4298 summa
636 4233 712 4318 jam
725 4239 865 4320 ternpus
878 4235 1014 4321 egumia*

171 4336 216 4404 lit
230 4338 343 4407 vicere
357 4339 422 4408 viri
436 4343 555 4424 virtus,
570 4341 792 4432 fortuneque·
805 4346 895 4428 risa
948 4373 951 4380 ’
