2746 4864
248 397 555 472 SPEOIMEN
585 391 763 466 BELLI
793 395 1034 470 ulvius.
1133 401 1203 468 'M

93 573 178 644 Hoc
191 595 339 644 mersam
354 594 456 644 coeno
469 573 628 654 Roman,
644 591 832 659 somnoque
843 573 1016 659 moenam
1070 577 1074 584 '
1135 577 1139 586 '

62 737 66 743 -
93 685 187 768 Qua
201 694 360 773 poteraut
373 693 463 753 artes
477 703 565 758 sona
576 686 706 753 ratione
720 704 868 764 movere,

93 797 146 866 Ni
159 800 263 880 furor,
278 807 314 866 et
326 800 464 879 bellum
479 799 636 884 ferroque
650 798 765 865 excita
778 797 913 864 lilridol

91 911 182 979 'l’res
195 914 319 980 tulerat
333 913 485 980 Fortuna
498 912 627 992 daces;
649 929 737 996 quos
752 911 865 990 obruit
879 929 999 976 omnes
1069 913 1071 918 ’
1191 953 1196 966 ·

91 1023 277 1093 Armorum
291 1030 383 1092 shore
398 1025 534 1090 dirmsa
547 1024 664 1090 feralis
679 1022 789 1107 Enyo.
833 1005 839 1015 ⁴

91 1135 260 1202 Crassum
274 1137 421 1202 Parthus
435 1135 554 1202 habet:
578 1135 710 1219 Libyco
720 1135 816 1219 J'aeet
830 1153 970 1220 aequore
983 1134 1153 1220 Magnus:

90 1246 212 1313 Julius
225 1248 391 1332 ingratam
404 1245 554 1330 pertudit
567 1247 731 1330 sauguine
747 1245 909 1311 Romam,

93 1355 153 1437 Et,
167 1359 267 1444 quasi
282 1377 351 1424 uon
365 1364 486 1444 posset
497 1364 549 1424 tot
562 1357 681 1424 Tellus
693 1356 780 1421 ferre
796 1357 966 1442 sepulcra,

93 1466 226 1538 Divisit
240 1471 381 1536 eineres.
403 1470 469 1536 hos
483 1471 593 1554 gloria
606 1469 717 1534 reddit
730 1469 888 1534 honores

92 1577 161 1645 Est
173 1580 273 1646 locus
287 1581 407 1645 exciso
421 1582 558 1664 penitus
572 1579 747 1644 demersus
762 1577 869 1658 hiatu,
1004 1593 1013 1605 “

93 1689 335 1776 Parthenopen
348 1693 662 1776 inteamaguaeque
677 1691 905 1758 Dicarchidos
920 1711 1014 1772 arva,
1136 1747 1139 1753 .

93 1799 241 1886 Cocytia
254 1801 415 1887 perfusus
430 1801 532 1885 aqua,
546 1819 626 1866 uam
641 1799 781 1885 spiritus
792 1807 895 1868 etha
1116 1825 1119 1832 ’

92 1911 168 1994 Qui
181 1912 263 1978 furit
276 1912 404 1978 effusus
418 1911 554 1980 fuuwto
569 1913 739 1997 spargitur
753 1919 852 1980 aestu.

95 2024 180 2092 Non
192 2025 269 2092 haec
283 2031 446 2092 autumno
460 2025 562 2091 tellus
575 2025 673 2101 viret,
688 2029 748 2090 aut
762 2025 824 2090 alit
837 2027 963 2093 herbas

94 2133 235 2222 Cespite
249 2137 351 2202 laetus
366 2155 456 2220 ager.
477 2155 548 2201 nou
561 2153 666 2203 veruo
677 2139 830 2223 persona
843 2143 947 2206 cauta

94 2247 220 2316 Mollia
234 2249 385 2315 discordi
398 2249 544 2335 strepitu
556 2250 703 2334 virgulta
716 2251 919 2336 loquuntur:
949 2307 953 2314 .

91 2359 165 2426 Sed
180 2362 296 2440 chaos,
313 2367 348 2426 et
357 2363 456 2445 'nigro
470 2361 677 2446 squallentia
690 2364 827 2447 pumice
841 2381 930 2430 saxa

91 2471 256 2538 Gaudent
268 2471 367 2538 ferali
382 2473 676 2539 circumtumulata
690 2495 868 2560 cupressu.

93 2583 175 2649 Hes
188 2585 274 2650 inter
285 2585 390 2652 sedes
404 2585 497 2650 Ditis
512 2591 609 2669 pater
623 2589 746 2653 extulit
760 2607 832 2668 ora,

91 2695 279 2763 Bustorum
291 2697 448 2775 flammis,
464 2705 499 2763 et
513 2719 601 2764 cana
616 2719 737 2785 sparsa
751 2701 894 2770 favillae
975 2725 978 2730 ’

92 2809 149 2876 Ao
162 2809 225 2875 tali
237 2811 412 2876 volucrem
427 2811 612 2878 Fortunam
626 2833 714 2879 voce
727 2815 887 2880 lacessit:

74 2919 223 2999 ,Renum
237 2922 469 3000 humanarum,
484 2923 742 3012 divmanumque
754 2933 922 3012 potestas,

91 3033 193 3114 Fors,
209 3037 265 3100 cui
279 3035 375 3100 uuila
388 3035 504 3119 placet
517 3037 658 3102 nimium
672 3059 795 3104 secura
808 3044 975 3124 potestas,

91 3147 184 3228 Quae
198 3167 290 3214 nova
304 3167 437 3233 semper
451 3168 559 3226 amas,
574 3156 609 3214 et
622 3170 704 3216 mox
718 3169 883 3236 possessa
896 3153 1083 3240 relinquis;
1125 3171 1129 3180 ·

91 3257 229 3344 Ecquid
244 3259 403 3326 Romano
418 3261 524 3325 mutis
538 3265 571 3325 te
586 3260 736 3344 pondere
750 3263 902 3327 victam

89 3367 171 3438 Nec
186 3389 290 3454 posse
304 3371 446 3436 ulterius
460 3371 643 3455 perituram
657 3372 820 3437 extollere
834 3373 983 3437 molem!
1128 3393 1131 3400 ’

91 3479 180 3566 Ipsa
193 3501 274 3546 suas
288 3481 379 3547 vires
393 3482 467 3548 odit
481 3482 639 3548 Romma
649 3482 821 3566 juventus,

82 3589 140 3658 -Et
154 3613 239 3677 quas
254 3594 377 3658 struxit
391 3613 488 3678 opes,
502 3593 591 3658 malo
605 3595 761 3660 sustinet.
783 3594 901 3679 aspice
916 3595 985 3660 late

92 3703 280 3772 Luxuriam
295 3705 495 3790 spoliorum,
506 3711 544 3770 et
557 3725 698 3770 censum
710 3707 748 3770 iu
760 3705 886 3771 damna
899 3705 1077 3774 fluentem.

93 3815 279 3883 AEditicant
292 3837 388 3895 emo,
402 3818 573 3902 sedesque
586 3819 631 3882 ad
646 3817 760 3884 sidera
771 3819 926 3886 mittuut:

92 3917 320 4013 Expeuunarr
334 3949 435 4016 aquae
450 3930 566 3996 saxis:
588 3949 680 3994 more
693 3931 844 3996 nascitur
859 3933 973 4012 arvis;

93 4041 140 4106 Et
152 4048 343 4127 permutata
354 4063 466 4108 rerum
481 4043 626 4108 statione
640 4043 815 4108 rebellant

93 4151 148 4218 Eu
161 4155 264 4248 etiam
278 4175 356 4220 mee
368 4175 473 4238 regna
485 4159 616 4239 petunt.
638 4155 796 4240 perfossa
809 4155 955 4220 dehiscit
1055 4173 1056 4180 ¹

94 4265 249 4334 Molibus
263 4266 396 4332 insanis
408 4265 521 4343 tellus,
532 4266 606 4352 jam
616 4267 791 4331 'montibus
808 4265 940 4330 haustis

92 4376 202 4448 Antra
214 4381 367 4463 gemunt:
390 4381 425 4442 ct
439 4375 519 4442 dum
533 4379 648 4462 varios
661 4377 751 4462 lapis
763 4375 894 4468 ¹ir‘urenit
907 4393 1004 4452 usus,
1070 4397 1073 4404 ·
1092 4375 1096 4382 '
