2708 4866
359 339 605 428 'uocaui
632 339 755 428 'ura'
783 349 844 428 11.
1089 341 1157 431 'seo

42 527 116 595 Sed
131 533 266 596 tantum
280 517 498 597 monumenta
511 515 623 616 tugoe3
643 553 707 599 nec
722 534 816 600 iana
828 534 986 619 loquetur

41 638 244 706 Pharnacis
258 640 408 706 debello
422 641 528 721 aliud,
543 663 646 728 quam
660 649 812 730 ternpore
827 643 947 712 Caesar

43 745 158 828 Quod
172 752 275 830 venit,
291 752 444 836 viditque
457 737 586 831 hostes,
602 757 637 818 et
650 735 881 821 vicit'eodem.

88 859 180 926 Heu
195 867 358 946 quantum
372 861 474 927 lamae
491 862 611 945 Magni
625 861 707 946 fuga
721 862 866 930 detrabit
879 864 941 931 illa
1038 858 1041 864 ’

45 971 243 1038 Pharnacis
257 973 380 1051 timidi,
395 974 476 1039 dum
490 973 688 1040 Caesariana
698 975 861 1060 juventus

44 1079 237 1148 Mollitiem
251 1085 359 1150 cernit
372 1085 507 1168 gentisl
529 1103 599 1149 non
614 1085 716 1168 digna
729 1087 913 1172 triumpho,

45 1192 126 1258 Nec
141 1195 253 1260 titulis
267 1195 371 1260 tantis
381 1196 456 1280 jam
469 1194 619 1261 Pontica
631 1215 737 1278 regna
750 1197 896 1262 subacta

45 1299 288 1389 Armenosque
302 1290 424 1390 putant
437 1307 560 1372 victos.
573 1325 643 1370 non
658 1305 801 1373 destruit
814 1307 875 1372 illo

46 1412 89 1478 ln
104 1415 202 1481 bello
216 1414 334 1482 Gaesar
349 1421 479 1483 tanturn
493 1417 687 1482 diademata
700 1417 803 1499 regis,

48 1522 118 1588 Sed
136 1523 258 1608 Magni
273 1527 398 1608 decus;
420 1527 578 1594 exultans
594 1546 672 1592 cum
687 1527 772 1592 talia
785 1526 894 1593 satur:

50 1633 81 1697 Ο
96 1635 187 1700 felix
202 1635 360 1722 Pompei,
376 1639 432 1702 cui
446 1639 585 1704 nomina
598 1642 693 1702 tanto
707 1637 861 1702 subacto

49 1745 249 1828 Degeneres
263 1747 340 1814 istae
354 1753 482 1830 gentes,
497 1749 680 1831 laurosque
695 1746 871 1826 dederunt,

52 1853 206 1932 Quando
220 1869 284 1939 ego
298 1877 473 1940 pugnaces
488 1855 621 1934 Gallos,
637 1856 809 1941 fortesque
825 1855 1022 1924 Sicambros

50 1963 247 2044 Vincendo,
267 1967 396 2032 nullum
411 1968 530 2032 videor
542 1967 707 2032 memisse
722 1965 938 2051 triumphum.

51 2075 177 2142 Fatum
192 2078 284 2143 bella
298 2079 361 2143 tibi
374 2079 405 2143 si
420 2079 632 2163 transalpina
646 2079 810 2156 dedisset,

50 2186 255 2253 Nostrarum
269 2187 385 2254 forsan
397 2209 521 2254 nosses
535 2189 732 2254 discrimina
745 2188 896 2254 laudum.

52 2296 134 2366 Non
148 2297 227 2364 baee
243 2299 380 2364 omnino
397 2299 513 2363 civilia
526 2297 619 2363 bella
633 2297 789 2364 fluissent.

95 2407 167 2472 Sed
182 2408 316 2494 majora
329 2413 456 2474 vocant
470 2407 564 2472 illinc
580 2409 776 2474 discrimina
790 2405 872 2472 belli

54 2519 227 2585 Victrices
241 2517 399 2602 Aquilae.
424 2519 564 2602 Libycis
580 2519 735 2584 consedit
748 2519 784 2582 in
800 2517 892 2584 ervis

54 2627 175 2714 Scipio
192 2627 360 2694 Romanis
376 2629 508 2694 cinctus
522 2629 726 2711 legionibus,
742 2627 853 2692 hostis

55 2737 203 2804 Securus
216 2739 369 2818 nimium,
385 2739 488 2822 gelidi
498 2757 582 2808 ,cum
593 2739 672 2824 jem
681 2737 883 2822 Capricorni

54 2849 167 2935 Terga
181 2869 349 2935 premens,
363 2849 465 2914 boras
480 2854 697 2915 contraxerat
710 2849 788 2914 inde
804 2848 943 2914 diurnas

55 2957 229 3044 Phoebus;
250 2965 285 3026 et
299 2961 389 3026 acris
405 2961 538 3044 Hyems
554 2980 689 3026 cursum
703 2960 864 3024 fraenarat
878 2977 1054 3044 aquarum,

56 3069 228 3156 Nudaque
241 3072 403 3138 vestierat
415 3071 526 3137 niveis
540 3089 681 3137 nemora
695 3069 765 3135 alta
780 3069 921 3154 pruinis.

56 3180 122 3247 Sed
137 3201 297 3268 praeceps
312 3181 442 3261 Caesar,
458 3203 560 3267 quem
574 3201 747 3266 nunquam
763 3179 904 3245 inbelle
917 3184 1070 3247 ruentem

59 3291 273 3378 Tempestas,
289 3293 446 3359 tristesve
462 3293 616 3378 Hyemes
630 3297 770 3377 potuere
785 3291 921 3370 morari,

56 3401 122 3468 Ter
131 3404 207 3489 jam
222 3403 394 3469 Romulea
405 3403 519 3469 factus
535 3403 692 3468 Dictator
705 3403 742 3465 in
755 3401 838 3465 urbe

58 3509 145 3579 Vela
159 3513 255 3578 dedit
267 3514 390 3592 ventis,
406 3513 627 3598 paullumque
642 3516 793 3576 moratus
807 3511 844 3576 in
858 3511 928 3578 oris

59 3621 225 3703 Sicaniis,
237 3625 359 3689 iterum
373 3625 530 3708 Lilybaeo
545 3645 567 3688 a
580 3623 692 3688 littore
708 3621 821 3701 solvit,

60 3731 100 3797 Et
112 3733 369 3817 proetcrvebitur
381 3755 513 3818 magnae
530 3732 744 3815 Carthaginis
760 3751 858 3798 arces

62 3841 255 3922 Sanitatem,
272 3843 506 3930 Clupeamque
521 3844 654 3922 videns,
674 3843 763 3908 male
778 3842 893 3908 littora
906 3849 990 3909 nota

62 3951 218 4033 Damnat,
234 3957 295 4020 ubi
310 3957 431 4022 infelix
446 3957 603 4042 perituris
619 3953 723 4020 Curio
739 3955 857 4034 burnis

61 4059 212 4149 Appulit.
228 4066 395 4133 infaustas
410 4087 501 4148 oras,
513 4067 720 4152 Uticamque
733 4067 903 4151 relinquit,
955 4155 957 4163 Ι

60 4169 185 4256 (Quam
201 4175 290 4242 Cato
305 4183 375 4244 tum
390 4179 503 4264 legum
517 4179 645 4246 vindex
656 4179 869 4265 justissimus
884 4178 987 4242 armis

581 4295 602 4350 3
623 4303 646 4347 Y
