2790 4860
481 873 1059 1090 cnrnnrnoffiv','
1206 875 1210 884 ’

227 1489 649 1664 BENIGNO
712 1492 1176 1622 necione-
1294 1595 1296 1600 ,

587 1813 623 1882 S.
639 1813 681 1882 P.
697 1813 744 1881 D.

114 2305 195 2396 EN
212 2331 278 2408 tibi,
292 2331 439 2408 annon,
450 2333 632 2409 Lucernis,
647 2334 678 2394 in
692 2353 754 2416 qno
763 2333 950 2409 illustrando,
962 2343 1106 2416 qnantum
1121 2355 1219 2418 operte

114 2453 148 2506 et
163 2443 274 2504 isboris
293 2440 462 2502 adhibitum
480 2442 529 2514 sit,
545 2461 607 2504 non
625 2441 746 2502 elinnde
768 2441 877 2502 rectius
891 2461 1072 2522 cognoscere
1096 2442 1218 2524 poteris,

115 2567 206 2630 qnsns
231 2547 257 2608 si
280 2545 449 2608 Editionens
471 2547 639 2608 hencrcum
661 2547 737 2628 aliis,
762 2565 830 2626 quc
856 2547 1000 2609 hactenus
1020 2547 1109 2610 sditss
1136 2555 1217 2624 sunt,

114 2651 252 2718 conterre
275 2653 366 2713 velis:
388 2671 455 2712 nem
471 2651 565 2732 primo
586 2651 659 2712 mihi
678 2671 750 2711 cure
771 2651 838 2724 tuis,
860 2651 988 2714 Textunt
1010 2654 1107 2732 ipsum
1126 2671 1217 2733 quem

113 2757 384 2820 emendatissimum
404 2755 554 2829 exhibere,
571 2777 608 2816 ex
632 2756 720 2816 variis
740 2755 922 2818 editionibus
943 2758 1019 2818 inter
1037 2779 1068 2819 sc
1092 2759 1218 2836 collutis,

114 2863 169 2924 sed
187 2861 426 2924 accuratissimus
446 2859 534 2922 nobis
549 2859 715 2933 videbatur,
734 2861 855 2922 clariss.
877 2883 933 2923 nec
952 2883 1013 2923 non
1032 2863 1217 2945 incompara-

114 2967 183 3030 bilis
202 2968 279 3042 Viri,
303 2967 347 3029 H.
365 2965 470 3026 Grotii
479 2987 491 3034 ,·
512 2965 578 3043 quis
595 2965 671 3027 enim
691 2965 811 3027 dubitet
828 2986 847 3028 e
862 2967 936 3028 tenti
950 2969 1073 3030 nominis
1094 2978 1217 3032 auctore

114 3073 189 3156 qnid
202 3073 359 3154 prodiisse,
374 3091 432 3132 non
451 3072 522 3134 sctis
543 3072 767 3145 mussitatum
790 3081 821 3133 et
833 3073 935 3134 multis
955 3075 1125 3154 parasangis
1138 3094 1217 3155 pros·

115 3189 214 3250 stsne;
234 3179 303 3241 ideo
316 3189 346 3239 et
359 3179 425 3258 ejus
445 3179 534 3240 etism
548 3177 671 3258 vestigio
683 3175 853 3257 pressimus.
892 3173 1020 3259 insuper
1033 3180 1121 3240 etism
1135 3179 1218 3242 Veri·

114 3294 197 3346 entes
226 3285 385 3347 Lectiones
413 3286 443 3346 in
467 3284 549 3346 cnice
575 3283 643 3344 libri
669 3283 845 3360 adjecimus,
870 3303 945 3364 quss
965 3294 997 3345 et
1017 3285 1066 3346 (31.
1089 3284 1217 3348 Grotius

115 3407 222 3469 msgns
239 3389 393 3472 diiigentis
417 3399 449 3451 et
470 3389 588 3468 judicio
610 3409 647 3450 ex
667 3389 749 3451 Vert.
770 3389 845 3450 Mss.
865 3389 996 3472 collegit,
1020 3389 1217 3472 deprompsit.

115 3491 213 3557 Notus
227 3496 316 3556 etism
330 3515 444 3557 summo
458 3493 558 3556 studio
570 3501 602 3555 et
613 3493 717 3556 labore
732 3494 856 3557 selectus
874 3516 912 3555 ex
926 3495 1021 3556 Vnriis
1035 3497 1217 3573 exhibemus,

114 3599 167 3660 sed
182 3599 232 3662 ci.
248 3597 354 3658 Grotii
366 3608 398 3658 et
416 3599 572 3672 Fsrsssdii,
585 3599 713 3680 integrus
727 3607 759 3660 et
780 3621 834 3661 sno
848 3600 917 3662 loco
936 3601 1069 3663 insertus.
1113 3603 1218 3665 Verio-

114 3721 177 3764 rnm
196 3713 284 3764 notes
304 3705 456 3786 precipue
474 3727 512 3766 ex
532 3703 705 3779 Hortensio,
725 3705 870 3784 Sstitio,
883 3705 1038 3782 Scinctic,
1054 3707 1216 3784 (irrisorio,

113 3819 144 3871 et
156 3809 282 3870 eliorum
301 3811 379 3871 notis
392 3811 575 3891 redegimus,
591 3830 659 3890 quse
680 3809 750 3872 huic
769 3811 895 3874 Auctori
916 3809 1090 3874 illustrando
1103 3812 1217 3875 condu-

114 3933 182 3977 cere
208 3913 280 3974 mihi
307 3915 494 3978 videbuntur.
546 3917 729 3997 Argumentis
758 3915 846 3978 etiam
871 3937 909 3978 ex
931 3920 1067 3998 Sulpitio
1093 3919 1216 4000 singulis

111 4019 193 4084 libris
206 4019 386 4083 addidimus.
427 4019 566 4086 Numeris
589 4023 783 4086 srithsneticis
804 4043 905 4087 versun
923 4035 954 4086 et
975 4035 1061 4085 notus
1080 4024 1217 4086 distinti-

112 4147 199 4200 πως
220 4147 282 4207 quo
295 4137 327 4190 et
339 4129 449 4192 Lector
462 4131 578 4214 singule
591 4133 689 4194 stetim
703 4131 792 4194 obvie
807 4133 937 4194 heberet.
973 4128 1216 4210 Suppiementum

111 4231 234 4298 heau
243 4237 283 4298 sb
297 4236 400 4320 Aegio
414 4237 543 4318 quodum
563 4227 690 4300 nntehec
711 4237 831 4300 seorsim
844 4237 966 4310 editum,
987 4245 1018 4298 et
1038 4235 1107 4296 huic
1122 4241 1219 4298 sneu-

112 4339 163 4404 risr
176 4341 365 4424 sptissisnem
377 4341 580 4425 sdjunsisnus,
596 4364 635 4406 ne
648 4343 723 4427 qud
734 4353 814 4408 esset
826 4343 909 4427 qnod
921 4341 972 4406 hic
985 4340 1213 4407 desiderum.
1344 4405 1350 4413 ,
