2746 4864
192 331 259 442 roa
302 343 308 354 '
459 367 750 440 rsuaourr
781 327 1042 443 enarras

191 545 459 635 Circtmrscripta
471 565 568 613 mora
581 551 803 633 properantes
817 545 950 617 diffemt
962 563 1085 630 annos,

193 657 327 739 Quaerit
340 676 379 724 se
393 663 524 736 natura,
539 677 604 722 nec
618 658 758 723 invenit.
780 659 939 724 omnibns
954 679 1034 744 ergo

192 771 314 838 Seorta
327 771 476 857 placent,
490 769 657 856 fractique
671 771 785 838 enervi
801 789 944 857 corpore
959 789 1112 856 gressus,

191 879 237 948 Et
249 883 322 948 laxi
337 885 461 961 crines,
475 888 510 948 et
522 887 577 962 tot
585 901 679 948 nora
692 885 831 953 nomina
847 886 967 962 vestis,

192 990 350 1082 Quaque
364 994 474 1060 virum
485 997 655 1092 quaerunt.
678 992 770 1058 Ecce
784 993 880 1060 Afris
895 1001 991 1062 eruta
1004 997 1103 1064 terris
1146 1036 1149 1045 ·

191 1087 306 1174 cinea
319 1125 448 1184 mensa,
465 1123 583 1189 greges
598 1125 785 1185 servorum,
800 1113 998 1202 ostrumque
1011 1109 1178 1177 renidens

190 1215 345 1294 Ponitur,
361 1229 402 1282 ac
418 1217 563 1281 maculis
579 1218 728 1282 imitatrrr
741 1218 869 1284 vilibus
877 1239 1015 1298 aurum,

191 1323 280 1408 Quae
295 1345 434 1394 sensum
448 1327 595 1392 turbant.
617 1327 742 1392 hostile
757 1347 799 1393 ac
813 1330 940 1394 mobile
954 1330 1083 1414 lignum

189 1437 306 1506 Turba
321 1440 458 1526 sepulta
471 1457 564 1503 mero
573 1440 803 1507 circumvenit
812 1461 830 1504 :·
843 1442 1024 1526 omniaque
1039 1441 1138 1506 orbis

189 1547 349 1631 Praemia,
366 1552 532 1637 correptis
549 1551 649 1616 miles
662 1571 772 1634 vagus
786 1552 912 1616 extruit
925 1552 1038 1616 armis.

189 1654 374 1745 Ingeniosa
388 1662 469 1746 gula
483 1668 546 1727 est.
569 1661 688 1726 Siculo
704 1673 823 1727 scarus
841 1675 978 1748 aequore
992 1681 1127 1729 mersus

188 1767 246 1838 Ad
258 1766 411 1840 mensam
425 1776 525 1840 vivus
540 1773 748 1860 perducitur,
762 1776 841 1840 inde
856 1775 1014 1840 Lucrinis
1117 1785 1129 1796 ‘

189 1875 296 1950 Eruta
308 1885 479 1965 littoribus
493 1885 646 1950 vendrmt
660 1887 842 1970 conchylia
857 1905 987 1966 crenus,

189 1995 239 2062 Ut
252 2003 414 2062 renovent
427 2017 488 2080 per
503 1998 627 2064 damna
641 1997 777 2064 famem.
794 1999 868 2083 jam
883 1997 1054 2068 Phasidos
1066 1997 1164 2070 unda

85 2123 89 2132 “
188 2101 319 2174 Orbata
332 2114 385 2174 est
399 2103 541 2174 avibm:
564 2113 726 2194 mutoque
742 2112 778 2174 in
792 2111 904 2176 littore
919 2116 1049 2176 tantum

188 2214 282 2286 Solos
298 2219 441 2286 desertis
457 2219 634 2306 adspirant
648 2213 826 2286 frondibus
841 2241 944 2290 anrre.

189 2331 266 2398 Nec
281 2333 391 2398 minor
405 2333 441 2397 in
456 2351 579 2418 campo
595 2327 688 2398 fruor
702 2338 764 2410 est,
780 2319 953 2418 emptique
972 2321 1125 2412 Quirites

188 2441 247 2509 Ad
260 2444 414 2529 praedam
428 2440 673 2531 strepitumque
688 2437 774 2508 lucri
789 2442 950 2526 suffragia
964 2448 1110 2508 vertum.

187 2548 332 2622 Venalis
347 2547 510 2641 populus,
525 2555 659 2621 venalis
674 2555 769 2620 curia
784 2549 941 2618 Petrum:

188 2657 254 2732 Est
265 2666 363 2734 favor
378 2668 414 2732 in
428 2669 557 2753 precio,
574 2661 713 2734 senibus
729 2685 865 2752 quoque
880 2665 988 2728 libera
1002 2659 1111 2729 virtus

189 2769 385 2857 Exciderat,
401 2781 599 2866 sparsisque
616 2775 741 2864 opibus
758 2796 924 2842 conversa
938 2779 1104 2862 potestas,

188 2888 342 2976 Ipsaque
353 2891 516 2977 majestas
532 2911 616 2957 auro
631 2893 791 2976 corrupta
801 2887 952 2974 jacebat.

189 2989 333 3066 Pellitur
347 3021 368 3067 a
383 3003 515 3088 populo
530 3003 642 3068 victus
659 3003 766 3068 Cato:
789 2999 917 3064 tristior
930 2997 1057 3092 illerest

189 3106 260 3190 Qui
273 3111 367 3190 vicit,
380 3113 562 3200 fascesque
576 3113 683 3199 pudet
696 3115 853 3200 rapuisse
869 3105 1003 3194 Catoni.
1089 3165 1093 3172 .

190 3219 349 3308 Namque
363 3223 430 3289 hoc
446 3217 597 3292 dedecus
612 3229 666 3290 est
679 3225 811 3310 populi,
827 3233 1026 3308 morumque
1041 3217 1158 3288 ruina.

191 3333 273 3399 Non
286 3327 525 3420 hcmo'pulsns
539 3340 629 3418 erat;
652 3332 713 3400 sed
728 3337 764 3400 in
778 3353 847 3398 uno
862 3333 956 3398 victa
969 3337 1127 3418 potestas

163 3445 168 3456 '
189 3437 451 3532 Romanumque
466 3445 585 3512 decus.
608 3463 713 3532 quare
726 3450 797 3532 tam
810 3435 945 3532 perdita
959 3443 1072 3510 Roma

190 3551 276 3639 lpsa
290 3555 347 3626 ari
359 3569 489 3622 merces
504 3561 587 3636 erat,
603 3561 638 3622 et
651 3557 725 3622 sine
734 3551 876 3626 'vindice
891 3555 1020 3644 praeda.

191 3664 363 3733 Ptartorea
375 3669 508 3750 gemino
524 3655 726 3756 deprensam
741 3669 871 3754 gurgite
885 3659 1039 3754 praedam

70 3791 74 3820 ³
191 3775 350 3844 Foenoris
364 3769 511 3857 illuvies,
526 3795 679 3868 ususque
692 3779 854 3848 exederat
868 3779 958 3844 aeris.

191 3887 300 3954 Nulla
313 3893 367 3954 est
381 3893 474 3955 certa
488 3883 621 3970 domus,
636 3891 767 3958 nullum
782 3892 855 3956 sine
870 3891 1011 3976 pignore
1026 3910 1177 3976 corpus:

191 3999 260 4066 Sed
274 4001 381 4068 veluti
394 3993 493 4067 tabes
506 4003 620 4070 tacitis
635 4007 804 4088 concepta
816 3993 976 4080 medullis

191 4111 287 4178 Intra
299 4113 449 4179 membra
462 4107 578 4180 furens
593 4115 684 4181 curis
697 4109 899 4180 laomtibus
913 4117 1012 4178 errat.
1082 4161 1087 4170 .

190 4221 297 4290 Arma
310 4224 448 4310 placent
460 4227 604 4306 miseris,
619 4227 801 4318 ditritoquo
816 4207 999 4290 commoda
1008 4219 1095 4288 luxu

191 4334 399 4407 Vulneribus
414 4344 621 4425 reparantur.
636 4337 738 4426 inops
752 4337 900 4424 audacia
913 4342 986 4404 tuta
999 4339 1064 4402 est.
