2756 4896
206 345 273 442 524
500 323 1008 436 sternumentum

207 539 369 628 Contigit
391 541 547 608 Occiduo
562 541 606 606 de
621 521 757 605 cardine
766 531 923 600 temnat
937 525 1057 598 d'tlnst

208 651 312 718 Purte
327 631 401 717 uli'u¹
410 631 535 727 Thera,
548 653 584 716 ct
598 633 913 731 confinis‘Syr'tibus
928 633 1089 710 Ammbn.

209 761 370 845 Undique
385 761 529 826 diversae
545 765 672 843 gentes,
687 743 879 842 p'opuliq'ue
894 755 1014 820 remoti

209 867 424 940 Conveniunt
436 852 480 938 nd
497 873 594 955 'signu
607 855 722 936 Jubee.
743 867 910 952 fulgentia
925 853 1023 950 signu

89 961 92 968 “
211 983 390 1050 Medorum
405 984 546 1068 entique
560 963 674 1047 Meuri
689 979 732 1046 de
743 979 849 1065 stirpe
864 965 1021 1044 tulerunt.

210 1092 325 1179 Atque
337 1095 470 1179 inopes,
486 1091 640 1178 qni'cnm
653 1073 781 1156 mundo
797 1073 1003 1155 commercia
1016 1075 1103 1150 solis
1222 1077 1225 1086 '

211 1203 409 1288 Naufragiis
424 1187 642 1300 Nasamones
656 1201 793 1266 habent.
814 1187 1042 1264 Gdremnntes
1055 1193 1185 1279 iniquo

211 1311 284 1378 Sub
305 1313 396 1378 coelo
410 1310 528 1399 positi,
544 1311 678 1378 steriles
693 1310 753 1395 qui
768 1329 902 1394 semper
917 1327 1038 1381 arenas

210 1422 455 1510 squallidaque
471 1441 554 1514 urse
563 1425 679 1487 tenent
692 1420 778 1486 selis
792 1419 956 1486 foeeunde
969 1415 1123 1484 rennuis.

211 1533 366 1620 Cumque
379 1533 434 1598 his
449 1513 667 1599 Marmarides
686 1533 840 1598 medicus
855 1519 953 1616 egere
975 1535 1146 1607 catervae,

210 1645 412 1732 Serpentum
426 1663 560 1711 morsus
575 1651 678 1711 cantu
692 1663 811 1710 curere
826 1645 949 1728 parati.

210 1755 372 1823 Audaces
385 1757 558 1836 Numidae,
568 1763 602 1823 et
612 1757 795 1824 freenorum
809 1757 930 1823 nescia
943 1753 1043 1821 tiribu

211 1869 369 1954 Massyli,
391 1861 532 1935 levibus
540 1876 665 1960 norunt
673 1871 732 1955 qni
746 1867 880 1936 flectere
895 1861 1000 1950 virgis

210 1979 281 2045 Ore
294 1980 419 2045 ferocis
430 1981 530 2064 equi3
554 1977 778 2066 gregibusque
793 1985 932 2046 assuete
941 1977 1087 2043 ferarum
1103 1975 1106 1983 ’

211 2089 307 2157 Gens
322 2089 449 2157 Getule
462 2086 555 2156 viros
566 2091 678 2171 mittit,
694 2091 754 2176 qui
770 2087 959 2156 comminus
972 2087 1044 2154 ires
1112 2174 1117 2182 ·
1139 2157 1144 2165 ,

211 2197 457 2268 indomitorum
472 2201 549 2265 ausi
564 2207 642 2266 sunt
654 2199 785 2264 irritare
799 2199 948 2271 leonum.

211 2309 461 2395 Autololesque
475 2311 567 2393 vagi,
582 2306 728 2395 pedibus
744 2311 803 2394 qui
818 2311 955 2376 uincere
971 2329 1107 2377 cursum

210 2417 394 2485 venatoris
410 2409 493 2503 equi¹
505 2417 660 2497 celerem,
683 2421 843 2504 cervique
854 2417 988 2504 fugacis

212 2529 371 2609 Aseneti3
394 2535 496 2612 etque
512 2529 621 2596 Mibae
637 2531 751 2596 vicino
767 2523 848 2595 sele
863 2529 1003 2615 perusti,

211 2637 284 2719 Qui
296 2639 420 2704 ferrum
434 2638 610 2717 insumant,
626 2641 860 2726 scelerateque
875 2625 948 2707 tele‘
958 2619 1118 2722 venenis3

211 2749 257 2818 Et
265 2751 416 2817 membre
429 2749 559 2815 hirsute
571 2749 666 2834 capri
681 2751 740 2836 qui
754 2751 846 2836 pelle
855 2741 1017 2836 ‘teguntur

212 2859 506 2946 Cyniphiivenere
518 2859 654 2941 Mucae;
676 2851 841 2950 sertisque
852 2841 1016 2948 ¹juremus

212 2970 326 3050 Quam
340 2971 452 3054 Vaga,
469 2989 639 3055 quumque
654 2969 776 3036 Uzcite
790 2961 905 3052 dubet,
917 2963 1024 3057 'qna'm
1038 2963 1132 3057 regia
1147 2969 1259 3042 Zama

211 3079 374 3161 Nutrivit
389 3079 519 3148 vexilla
532 3079 635 3168 Jubae
653 3071 855 3148 cemituntur
870 3079 994 3149 euntis.

210 3191 398 3278 Scipiedae,
414 3193 590 3277 Latiisque
602 3193 740 3278 Aquilis
753 3184 829 3261 boec
845 3195 981 3280 agmine
990 3193 1103 3281 jungit

212 3301 293 3371 Rex
306 3303 418 3385 ana3
436 3303 578 3388 jamque
594 3303 682 3369 actis
697 3305 873 3372 intendunt
886 3305 1017 3372 viribus
1032 3297 1168 3372 omnem

211 3410 316 3499 (Cum
329 3415 476 3498 primum
490 3413 650 3499 Zephyro
661 3415 770 3500 putris
786 3435 824 3480 se
839 3417 940 3500 gleba
953 3413 1109 3507 resolvit)

213 3521 255 3589 ln
271 3524 406 3591 Intinm
420 3525 502 3592 belli
517 3545 638 3591 cesum
656 3525 835 3592 transferre
849 3526 965 3614 futuri.

212 3633 282 3701 Sed
297 3635 387 3701 celer
400 3636 436 3702 in
451 3637 811 3721 cunctis,.semperque
826 3635 948 3700 inferre
964 3632 1081 3726 subtus

212 3743 398 3830 Nunquam
411 3727 504 3812 belle
518 3748 591 3831 pati
608 3746 737 3825 Caesar,
751 3765 834 3811 mcx
848 3735 949 3810 irrite
956 3740 1039 3810 iecit

212 3855 303 3924 Haec
318 3857 456 3922 decreta
470 3855 619 3933 Ducum,
634 3845 831 3942 bellunique
842 3853 912 3921 buc
924 3845 1039 3921 tttuiit
1051 3853 1163 3952 bmne.

211 3965 292 4032 Heu
306 3965 448 4032 nimium
463 3966 532 4032 cito
546 3963 760 4032 Marmaricis
776 3963 920 4032 cernetis
931 3961 967 4030 in
977 3963 1057 4045 oris,

213 4073 327 4156 Quum
340 4095 405 4142 vos
421 4075 593 4162 Hesperie
610 4065 777 4149 statuistis
793 4073 944 4168 quaerere
957 4078 1058 4142 terre.

256 4185 425 4253 Dulcibus
440 4187 570 4254 interce
584 4187 767 4267 illecebris,
782 4179 934 4278 luxuque
947 4183 1084 4253 Cdnobi

212 4295 355 4386 Captus,
370 4304 406 4368 et
418 4297 553 4368 enatus
568 4297 706 4366 fallente
722 4289 890 4384 Cupidine
904 4295 1035 4378 Gaesnr,
