2696 4852
758 145 763 172 l

172 345 195 416 c
456 345 509 414 nr.
543 319 745 414 snumr
788 345 1004 416 nucum

176 517 280 600 Quod
295 519 326 584 si
340 538 410 584 uon
424 517 529 585 ullam
543 519 773 588 renunciata
788 519 920 588 Neroni
984 573 989 587 .

173 630 338 728 Invenere
358 629 463 708 uam,
485 649 677 716 magnoque
693 635 822 698 aterna
833 637 996 718 parantum

172 739 396 824 RegnadeiS,
419 741 614 827 coelumque
632 763 695 809 sno
712 744 838 810 servire
852 744 1003 826 Tonanti

112 851 115 862 ’
172 851 255 918 Non
270 852 332 918 sisi
350 857 520 918 eaevorum
534 855 647 939 potuit
660 861 742 940 post
754 856 848 922 bella
861 837 1054 940 gigantum:

171 962 195 1030 J
196 983 252 1030 am
266 963 350 1029 nihil
366 983 388 1028 o
404 963 527 1050 Superi
548 967 738 1050 querimur:
762 968 894 1034 scelera
908 969 998 1052 ipsa,
1021 967 1189 1054 nefasque

172 1074 253 1141 Hac
267 1077 426 1142 mercede
439 1077 595 1162 placent:
619 1078 711 1144 diros
727 1077 910 1145 Pharsalia
924 1097 1068 1164 campos

171 1186 338 1271 Impleat:
362 1192 396 1252 et
410 1187 513 1253 Poeni
529 1193 719 1255 saturentur
741 1192 906 1274 sanguine
927 1209 1067 1256 manee:

171 1297 302 1364 Ultima
314 1297 451 1363 frmeota
465 1306 669 1366 concurrant
691 1303 816 1386 proelia
835 1301 979 1368 Mundo.

171 1407 251 1487 His,
268 1408 397 1489 Caesar,
413 1409 582 1476 Perusina
596 1412 717 1490 fames,
734 1412 948 1498 Mutinaeque
962 1413 1099 1480 labores

169 1518 350 1587 Accedent
363 1521 459 1586 fatis:
482 1527 527 1599 et,
544 1543 630 1606 ques
646 1525 768 1608 premit
782 1543 918 1609 aspera,
935 1525 1078 1603 classes,

169 1631 324 1698 Leucas:
348 1637 382 1698 et
396 1635 527 1698 ardenti
542 1636 681 1700 servilia
694 1635 788 1702 bella
803 1637 867 1702 sub
883 1637 999 1702 AEtnu.

169 1741 317 1808 Multum
332 1743 447 1809 Roma
460 1750 585 1825 tamen,
595 1746 697 1812 debet
716 1747 876 1814 civilibus
894 1747 1009 1826 armis,

167 1854 272 1936 Quod
286 1856 348 1920 tibi
362 1875 417 1921 res
432 1862 512 1922 acta
526 1863 589 1923 est.
632 1859 697 1936 Te,
713 1879 791 1924 cum
807 1860 953 1926 statione
968 1864 1110 1946 peracta
1237 1861 1283 1927 45

345 1967 349 1972 “
435 1970 468 2021 ³5
484 1970 538 2018 diis.
666 1973 699 2020 ³⁷
714 1972 767 2020 ista.
897 1975 931 2022 44
947 1969 1020 2020 sicia.

199 2060 241 2110 33.
258 2057 326 2113 Quod
345 2058 366 2107 si
383 2073 429 2106 noa
447 2058 538 2122 eliam]
568 2063 654 2120 Aperte
674 2063 704 2110 ed
728 2061 780 2109 nius
798 2061 940 2122 confugerat,
955 2063 1077 2124 Augustus
1088 2076 1130 2122 per
1145 2061 1229 2112 lerum
1246 2060 1271 2110 in

165 2121 299 2186 Principem
317 2124 481 2180 assentatione,
499 2141 551 2186 cum
571 2125 704 2184 suspicione
728 2125 871 2175 deditionem
882 2127 1002 2189 compulit.
1028 2125 1273 2188 Mutchentom.

164 2189 254 2238 monite.
271 2190 385 2251 npprobet
394 2189 484 2236 cladem
498 2189 554 2237 belli
569 2189 655 2247 civilis,
672 2207 703 2240 ex
728 2191 787 2254 dte]
829 2193 941 2240 Antonius
963 2191 994 2240 D.
1014 2193 1111 2240 Brutum
1132 2193 1157 2240 in
1178 2192 1272 2240 Mutine

165 2271 212 2316 qun
227 2269 334 2315 magnum
354 2254 473 2314 praemium
496 2260 520 2301 et
539 2254 645 2302 solatium
667 2264 704 2304 est
728 2259 785 2306 urbe
804 2256 930 2318 cisalpine
953 2257 1036 2304 Galliac
1058 2257 1159 2311 obsedit.
1175 2256 1200 2304 in
1222 2272 1270 2318 quo

152 2319 282 2374 τἰοτωω,
300 2317 412 2366 videlicet
427 2319 531 2366 Neronis
550 2319 609 2366 felix
630 2320 703 2382 impe·
728 2319 849 2369 obsidione
868 2322 967 2369 levando
988 2329 1084 2383 uterque
1105 2320 1194 2370 Consd
1211 2321 1270 2368 Hir·

165 2384 241 2442 rium:
261 2383 299 2430 cui
316 2383 346 2430 ad
363 2383 388 2430 id
406 2383 483 2431 editus
502 2399 547 2431 non
564 2384 703 2444 patuissent,
728 2385 779 2432 eins
790 2393 814 2433 et
824 2387 900 2433 Panse
910 2401 985 2434 carus
996 2394 1040 2433 est.
1058 2401 1126 2448 quern
1136 2387 1270 2432 tumendu-

163 2449 212 2499 niet
227 2449 292 2508 prius
304 2453 368 2494 tenta
377 2450 442 2496 carde
452 2449 557 2510 respubl.
567 2449 651 2498 inisset
661 2465 703 2512 op-
728 2457 811 2510 gustus
820 2451 942 2499 obsidione
956 2449 1072 2498 liberavit.
1170 2457 1172 2462 '

164 2511 593 2575 pressaetncrcsnrihusoccnpata:
628 2517 703 2576 Arga·
761 2519 802 2564 43.
820 2513 1128 2578 Leuca,&0.]1nsunin
1148 2512 1202 2560 sinn
1213 2516 1270 2560 Am·
1346 2521 1347 2542 ¹

164 2573 548 2638 menuturqueniovisexemplo.
581 2578 702 2639 Sulpicius.
727 2579 816 2635 bracio,
836 2581 892 2628 item
911 2579 1092 2642 promontorium
1112 2575 1189 2638 Epiri,
1206 2577 1269 2625 inter
1346 2601 1347 2604 ¹

167 2641 264 2697 Quodsi
274 2657 320 2689 non
330 2641 420 2704 ulna]
439 2639 571 2690 Assentetio
581 2659 649 2706 qnam
661 2646 703 2694 vix
727 2646 790 2704 qnod
810 2649 834 2692 et
847 2645 949 2700 Actium,
966 2643 1080 2694 Octavius
1096 2642 1222 2690 Autronium
1245 2649 1271 2689 et

162 2707 313 2756 excussverit
326 2707 411 2753 lronin.
728 2708 1096 2770 Cleopnmamnevnlicertamiue
1114 2707 1180 2755 vicit.
1215 2706 1269 2754 Ser·

106 2813 112 2822 ,
196 2775 237 2822 84.
255 2770 616 2836 Mngnooucaetmtopnrmtur]
628 2775 702 2836 idque
726 2773 903 2822 uiimbelio'sud
915 2771 1008 2836 ΛΕΜ]
1032 2777 1087 2822 Non
1103 2771 1190 2820 servile
1207 2771 1268 2819 illud

162 2835 231 2888 Jovis
242 2837 358 2898 exemplo,
375 2838 404 2884 sd
421 2853 489 2897 quem
506 2837 606 2886 devictis
622 2839 702 2902 gigan·
726 2839 813 2887 bellum
832 2855 846 2886 a
864 2841 924 2902 Syro
945 2841 1012 2887 Enno
1033 2838 1057 2886 in
1078 2836 1159 2885 Sicilia
1177 2843 1268 2884 motum

162 2901 601 2964 tibnsfirmiuscoelidevenitregnurn.
635 2904 702 2969 Meg·
726 2907 755 2952 Α.
768 2907 799 2954 U.
812 2919 930 2953 ncxvrrr.
946 2905 1008 2966 quod
1028 2901 1125 2950 nihilsd
1145 2915 1267 2962 remprae·
1346 2901 1347 2910 ¹

162 2983 193 3016 no
207 2965 342 3030 peccatum]
360 2967 446 3028 Magno
458 2968 534 3028 pretio
544 2967 700 3029 sequimur.
726 2977 823 3019 sentem.
840 2985 921 3018 verum
937 2967 1041 3028 intellige
1052 2967 1133 3015 naveis
1143 2966 1231 3014 beilum
1241 2967 1267 3014 in

173 3051 175 3055 ·
197 3036 238 3083 3⁵.
256 3030 700 3099 ColumguesuosewireTononti,&c.]
725 3033 805 3082 Siculo
826 3035 892 3092 meri,
917 3034 947 3082 nd
965 3033 1028 3095 qnod
1049 3032 1105 3080 Sex.
1138 3029 1267 3095 Pompeius

162 3097 471 3146 Scelestnetneiariebells
486 3097 635 3158 civiliaque
644 3115 700 3148 mox
725 3099 883 3148 concitaverat
898 3105 1071 3158 armaveratque
1082 3097 1200 3158 ergastule
1210 3113 1267 3144 con·
1346 3143 1347 3154 ,

161 3168 277 3211 merset·
724 3169 760 3210 tre
781 3165 920 3226 Augustum,
937 3180 951 3211 ι
971 3177 1018 3224 quo
1039 3165 1125 3210 Sextus
1146 3160 1225 3209 victae
1240 3161 1265 3209 iu

195 3230 237 3277 38.
260 3225 313 3274 Hac
334 3226 444 3280 ceraue,
470 3225 529 3288 δια]
557 3229 627 3288 Quod
646 3228 699 3276 hinc
725 3227 804 3274 :teiam
815 3228 927 3290 profugit.

161 3291 251 3340 Neroni
262 3293 292 3338 ad
303 3291 429 3350 imperium
440 3291 507 3338 Rom.
525 3292 600 3352 putuit
612 3294 698 3341 aditus.
756 3296 798 3340 44.
816 3292 920 3340 Multum
939 3289 1030 3354 Roma]
1051 3291 1109 3338 Post
1126 3289 1204 3338 verius
1223 3305 1266 3338 ur-

161 3356 285 3405 Phursuis'e
299 3354 407 3417 compca]
432 3357 469 3403 De
484 3357 699 3417 eampisl’lrnrseii·
723 3355 787 3406 bium
809 3358 889 3405 clades
911 3363 935 3404 et
955 3355 1098 3404 celemitstes
1119 3355 1264 3415 recensitas:

103 3429 109 3444 ¹
160 3421 195 3470 eis
216 3437 294 3482 supra.
311 3419 335 3466 in
356 3419 393 3466 lris
410 3421 568 3484 depugnatum
584 3429 621 3469 est
638 3423 698 3470 inter
723 3437 766 3481 per
776 3422 944 3470 correctionem
954 3421 1053 3481 aliquem
1071 3419 1190 3471 felicitatis
1209 3435 1264 3482 per·

158 3485 297 3547 Pompeium
315 3485 474 3540 etGaesarem,
491 3501 546 3533 mox
557 3487 617 3532 inter
628 3488 697 3536 Octa·
723 3492 770 3532 tem
789 3487 894 3534 vicissim
912 3485 1021 3548 opponit;
1036 3485 1107 3545 idque
1124 3484 1147 3532 in
1163 3485 1263 3546 gretiam

157 3551 223 3600 viam
234 3550 413 3611 Antoniumque,
424 3556 448 3597 et
457 3552 519 3599 θαι.
529 3565 697 3612 percussores:
724 3551 833 3606 Neronis,
851 3551 951 3599 hominis
971 3547 1154 3604 sceleratissimi,
1179 3565 1193 3596 e
1214 3563 1262 3612 quo

159 3617 202 3666 sed
213 3615 268 3664 vide
278 3615 337 3663 inire
348 3631 384 3663 vs.
395 3617 453 3664 687.
723 3615 789 3662 malm
806 3615 885 3678 gretite
902 3621 986 3677 postes
1001 3615 1095 3662 luerunt
1112 3613 1197 3660 lrsbitoe
1212 3615 1262 3662 Ln-

120 3709 124 3719 .
193 3685 234 3732 ³9.
252 3679 283 3729 Et
305 3679 372 3729 Puni
390 3687 532 3737 saturentur,
556 3679 614 3743 dec]
640 3681 696 3728 Seu·
722 3695 788 3728 cuno.
822 3679 929 3728 Hortens.
951 3679 1023 3727 lionae
1043 3677 1129 3741 deta]
1152 3679 1216 3734 Non,
1233 3687 1260 3726 nt

158 3747 227 3810 gnine
248 3753 328 3794 nostro
348 3747 442 3794 inferius
462 3746 588 3793 referamus
608 3747 696 3794 umbris
721 3753 782 3801 ente,
799 3745 873 3794 detes.
905 3745 1019 3794 Esteuim
1036 3745 1065 3792 sd
1077 3745 1203 3800 Neronem,
1214 3759 1261 3792 non

157 3811 381 3873 ocu-poemiam,
398 3809 438 3872 qui
458 3810 527 3858 bellis
549 3811 642 3859 Punicis
661 3812 696 3860 in·
722 3813 751 3858 ed
763 3807 1018 3872 Romemepcrtroplie.
1052 3807 1155 3856 Grotius.

156 3875 276 3925 teriernnt.
753 3879 794 3926 45.
813 3875 880 3930 Quod
898 3875 941 3922 etti
959 3889 1003 3930 res,
1014 3871 1073 3937 δια]
1091 3873 1188 3936 Duplex
1204 3873 1261 3921 irino

191 3944 233 3989 40.
252 3939 447 4006 Uitimnfitneeto‚
459 3939 526 4002 &c.]'
535 3941 572 3988 sd
583 3940 695 3988 Mundum
720 3939 777 3987 milri
794 3941 887 3988 videtur
903 3940 1018 3988 sententia
1031 3939 1086 3987 duci
1101 3953 1187 4001 posse:
1205 3953 1260 3994 nnn,

158 4005 281 4068 Hispanioe
296 4007 386 4062 urbem,
404 4004 510 4066 Pompeii
519 4005 586 4052 liberi
606 4007 695 4054 devicti
720 4004 798 4053 civilis
809 4022 872 4054 arms
881 4005 919 4054 vel
934 4021 962 4053 eo
974 4005 1065 4052 nomine
1076 4003 1177 4065 Imperio
1188 4005 1258 4051 Rom.

158 4079 220 4128 sunt,
237 4073 280 4118 Gn.
296 4085 381 4126 cesus,
405 4073 491 4119 Sextus
507 4071 563 4131 iuga
581 4070 693 4132 elapsus:
719 4070 786 4118 utilia
805 4071 887 4127 luisse,
914 4071 977 4132 quod
998 4073 1041 4118 sub
1061 4071 1164 4116 umbram
1190 4069 1259 4116 unius

157 4136 351 4199 Pompeianorum
371 4151 434 4183 cusu
453 4139 494 4183 50.
518 4151 546 4182 rr.
568 4137 647 4183 Oaeser
668 4145 694 4184 ut
719 4136 832 4199 principis
846 4137 975 4184 monarche
991 4135 1109 4182 redsctum
1128 4140 1207 4181 esset:
1225 4133 1259 4182 sl·

156 4201 234 4250 victos
244 4201 371 4256 obsideret,
383 4217 397 4248 e
408 4200 526 4262 congestis
541 4201 693 4250 cedsveribus
719 4209 776 4256 tere,
794 4203 856 4264 quod
866 4201 936 4249 bellis
946 4199 1055 4247 civilibus
1066 4201 1141 4245 Rome
1147 4200 1196 4275 ¹jesu
1215 4199 1258 4247 de·

155 4279 264 4328 nggcrem
276 4265 370 4314 struxit.
718 4267 796 4314 structa
806 4273 877 4321 esset,
893 4281 936 4312 uec
947 4264 1070 4310 metuende
1084 4263 1192 4324 amplius,
1208 4265 1258 4312 Ne·

190 4333 232 4378 41.
254 4329 307 4386 His,
329 4327 425 4391 Ceron]
452 4328 546 4377 Avertit
566 4328 693 4377 cretionem
718 4347 775 4379 rene
793 4335 910 4392 regnante.
945 4327 1053 4376 limen.
1075 4327 1134 4390 Gne:
1151 4329 1258 4385 stotiom,

156 4393 313 4448 edocaturum
321 4397 448 4442 Neronem.
482 4393 693 4458 Penestarum]
718 4394 777 4458 dtu]
795 4398 909 4443 Emensus
919 4393 975 4442 vite
990 4391 1100 4455 spatium,
1115 4398 1140 4440 et
1158 4393 1258 4455 imperio

156 4458 277 4509 Perusiam
287 4459 396 4509 murcie
411 4463 500 4518 urben,
516 4473 563 4522 quo
581 4460 610 4508 b.
621 4461 693 4508 Anto-
718 4459 818 4508 feliciter
827 4459 930 4507 mucius.
