2708 4866
208 377 274 444 ors
504 321 1006 444 ‘serranianus-um

206 547 287 614 Jam
301 567 425 632 pugnae
439 545 606 634 cupidns;
630 543 691 610 sed
705 521 959 613 noneerturian
972 544 1097 631 iniquo

208 659 327 726 Caesar
340 661 423 724 inire
438 659 517 722 ioco
532 655 668 724 statuit:
690 673 807 722 verum
821 654 954 736 agmine
968 661 1064 722 moto

206 770 423 853 Progressus,
441 767 531 832 Salei
546 785 616 832 non
629 781 771 847 magnas
786 765 933 830 oonsilit
946 766 1071 842 undas,

205 879 441 964 Ateguamque
456 877 550 960 capit
564 877 679 942 subita
693 874 837 940 feliciter
851 881 934 943 arte.

247 989 382 1072 Ategua
396 989 534 1064 amissa,
549 985 677 1050 veritus
693 984 1027 1066 Pompeiuslberas,

205 1099 356 1166 Fortuna
371 1099 554 1181 quassante
570 1093 682 1171 tidem,
697 1110 741 1158 ne
756 1093 912 1176 perderet
925 1095 1027 1160 urbes

204 1206 249 1274 Et
261 1206 422 1290 reliquas,
437 1205 497 1270 uni
512 1209 674 1288 properet
688 1203 896 1268 committere
910 1223 1035 1288 pugnas

80 1391 84 1408 ι
204 1317 293 1402 Spes
309 1335 437 1394 omnes,
452 1317 610 1400 viresque
625 1335 719 1392 suas,
735 1315 1092 1400 hostemqueseeutus

204 1427 333 1510 Ocyus,
349 1426 393 1492 ad
409 1425 549 1490 Manca
565 1423 685 1493 satalia
698 1427 852 1509 pervenit
866 1445 960 1496 arva.
1076 1491 1078 1501 Α

204 1537 326 1604 Castra
339 1538 432 1602 locat
445 1536 575 1602 mmrdo
589 1536 739 1614 modico,
755 1537 815 1620 qui
830 1536 977 1622 desuper
991 1555 1129 1604 omnem

201 1647 382 1718 Planitiem
396 1649 464 1714 late
479 1647 668 1730 despectat,
684 1646 835 1714 Gmsmis
849 1647 940 1714 unde

203 1757 293 1826 Ante
308 1759 429 1825 oculos
444 1759 578 1843 positas
593 1759 707 1841 potuit
719 1777 894 1836 numerare
911 1759 1080 1836 cohortes.

248 1869 356 1934 Nulla
370 1870 426 1933 hic
441 1868 595 1950 auguda,
611 1873 671 1932 aut
684 1873 790 1934 tantae
803 1869 999 1952 praenmrtia·
1008 1869 1122 1944 cladis

203 1978 366 2060 Prodigia
379 1979 561 2062 implerant
575 1997 718 2062 campos
732 1983 792 2044 ant
805 1999 904 2061 aera;
926 1981 1031 2054 nuile

201 2089 269 2156 Vel
284 2089 459 2172 perinane
473 2087 580 2168 faces,
596 2087 651 2154 vel
666 2089 750 2154 dirae
764 2107 877 2154 arsere
893 2095 1047 2164 cometas.

203 2200 284 2264 Non
299 2201 405 2282 signis
420 2217 565 2262 examen
579 2217 695 2282 apum,
710 2201 941 2283 liquefactum
954 2202 1027 2286 pila

201 2308 377 2388 Fulmine;
400 2328 468 2371 non
482 2310 653 2383 volucres,
668 2324 739 2373 non
752 2315 834 2377 exta
848 2311 997 2380 minacia
1010 2316 1150 2378 terrent.

199 2416 285 2480 Plus
299 2421 412 2480 tamen
425 2416 481 2480 hic
496 2419 640 2480 moerent
653 2431 783 2492 omnes,
798 2416 984 2498 monuitque
998 2419 1147 2486 silentes

198 2525 316 2590 Turba
331 2525 437 2603 Deos,
452 2531 615 2609 tanquam
629 2525 747 2588 clades
760 2525 939 2600 immernor
953 2529 1046 2603 omni

199 2635 342 2700 Ostenta
357 2636 411 2700 his
426 2636 570 2719 campis,
585 2641 620 2700 et
633 2635 857 2704 inenarrabile
873 2635 1032 2710 damnum

201 2746 380 2812 Immineat
395 2745 548 2810 Mundae.
572 2745 676 2810 tacito
691 2741 848 2828 portenta
861 2746 980 2812 timore

56 2859 60 2870 '
199 2855 289 2937 Quae
304 2857 389 2922 nulli
402 2855 514 2922 iecere
530 2855 656 2932 Deum,
671 2854 739 2948 sibi
754 2855 900 2939 quisque
915 2857 1065 2928 creabat.

200 2967 243 3033 In
258 2967 479 3052 Pompeianis
494 2987 556 3050 per
570 2972 695 3033 moeste
709 2965 846 3044 silentia
860 2967 981 3032 caenis

199 3076 380 3162 Ancipites
396 3083 507 3142 errant
521 3077 635 3142 animi.
658 3093 748 3142 nunc
763 3077 921 3159 improba
933 3083 1015 3145 vota

201 3187 419 3273 Concipiunt,
435 3194 470 3254 et
483 3205 565 3273 spes
580 3189 683 3266 dirae
699 3188 904 3272 umbrasque
919 3188 1088 3268 videntur,
1219 3257 1227 3267 ,

199 3297 416 3384 Horridaque
431 3305 509 3366 ante
524 3299 645 3364 oculos
659 3299 780 3365 mortis
795 3298 1001 3370 simulachro
1014 3298 1144 3370 aare

194 3407 359 3474 Cernere:
381 3412 556 3496 lymphata
569 3429 687 3476 rursus
701 3409 880 3479 formidine
894 3411 1041 3496 'pallent

196 3517 283 3596 Nec,
301 3523 457 3604 quamvis
473 3541 609 3605 sperare
624 3523 727 3588 nimis
740 3521 877 3588 fortuna
890 3521 1029 3596 vetabat

65 3643 68 3650 ·
198 3627 359 3710 Caesaris,
375 3637 541 3714 exoptant
554 3633 666 3698 vicus
682 3632 870 3716 producere
885 3634 1005 3704 vitas,-

198 3737 323 3804 Danda
336 3745 450 3804 tamen
465 3745 567 3808 venia
580 3751 634 3808 est
646 3744 727 3822 illis,
743 3763 823 3826 cum
839 3744 988 3818 Caesaris
1004 3743 1125 3819 audax

197 3847 297 3914 Bella
309 3853 403 3916 timet
417 3851 527 3929 miles,
543 3853 677 3918 Latium
693 3855 752 3940 qui
766 3875 863 3938 supe
878 3875 1031 3924 cruorem

197 3957 389 4039 Hauserat3
412 3966 446 4024 et
461 3964 580 4044 patria
597 3966 699 4033 toties
713 3967 750 4030 in
764 3966 898 4032 viscera
912 3965 1017 4034 tontes

196 4068 370 4153 Incipiunt
384 4072 553 4154 trepidare
567 4095 699 4142 manns.
723 4079 894 4144 exercitus
911 4077 1014 4143 Orbis

195 4179 260 4246 Ille
274 4181 469 4266 triumphati
484 4183 640 4264 domitor,
657 4189 834 4272 victorque
849 4189 997 4255 Senams

194 4289 353 4369 Romani,
370 4295 428 4376 qui
444 4301 513 4358 tam
527 4317 684 4382 praeceps
699 4301 735 4364 in
749 4301 841 4367 bella
854 4301 979 4367 nrisset

192 4397 372 4479 Thessala,
387 4403 660 4492 Tirepsiacisque
676 4429 781 4474 ausus
796 4415 998 4493 praevertere
1013 4411 1153 4496 campis
