2708 4866
342 357 586 426 LUCANI.
631 357 739 426 LIB.
778 357 842 426 IV.

39 534 241 620 Sanguinis:
264 551 443 618 aequoreos
457 533 556 615 tingit
569 550 651 618 pars
666 532 773 600 ultera
785 531 929 613 fluctus3

40 647 271 731 Migrantique
286 645 408 710 animas
423 644 531 710 iatum
545 664 613 708 non
629 643 753 710 sufficit
767 665 882 711 unum.

40 757 245 822 Demersum
258 755 418 820 monstris
427 753 534 838 jacet,
550 753 647 834 eheu,
659 757 778 840 praeda
792 757 930 823 marinis

40 868 170 934 Nobile
186 867 360 952 Scipiadae
375 884 518 951 corpus;
532 884 597 931 uec
613 866 750 950 colliget
759 887 845 932 urna

39 979 184 1045 Flebilis
199 979 263 1046 hos
279 980 424 1058 cineres3
446 997 510 1042 nec
526 981 620 1042 tauto
635 977 770 1042 nomine
785 977 905 1061 dignas

37 1089 217 1174 Exequias
231 1091 293 1156 tibi
309 1089 422 1154 Roma
436 1083 550 1168 dabit;
570 1087 729 1169 passisve
744 1089 881 1171 capillis

37 1200 248 1287 Scipiadum,
264 1209 450 1268 extremum
465 1198 608 1283 generis,
623 1198 753 1282 lugebit
763 1200 969 1286 ademptum.

79 1311 232 1396 Agmina
252 1312 295 1377 de
315 1311 446 1395 campis
461 1309 591 1394 passim
606 1308 770 1394 fugientia
785 1319 926 1378 cunctas

37 1421 246 1506 implessent
259 1423 391 1505 mugnis
405 1421 525 1505 Libyae
540 1421 723 1488 terroribus
738 1443 828 1490 oras.

37 1533 217 1600 Praesidiis
232 1537 303 1596 tum
317 1531 402 1598 forte
414 1530 552 1598 Uticam
568 1531 655 1600 Cato
669 1535 795 1600 nobilis
810 1537 926 1602 urbem

37 1645 204 1711 Ausoniis
218 1646 345 1728 tenuit3
368 1647 427 1730 qui
441 1651 523 1712 uota
538 1643 636 1712 clade
652 1645 798 1712 Senatus

36 1757 280 1844 Scipiadaeqne
291 1758 384 1842 iuga,
398 1757 562 1824 rictorem
577 1777 692 1824 arcere
713 1759 869 1842 parabat,

37 1873 271 1957 Hortatusque
286 1890 369 1936 suos
384 1871 499 1936 alacer
513 1870 694 1938 defendere
707 1889 834 1936 muros.

1077 359 1143 426 551

36 1986 107 2052 Sed
121 1985 263 2067 trustra3
285 1983 352 2050 heu
365 1983 505 2048 nimium
519 1981 724 2070 trepidantia
737 1987 878 2066 pectora
888 1985 1005 2061 sensit,
1070 2017 1073 2022 ·

37 2097 82 2164 Et
94 2098 224 2164 victum
238 2097 331 2162 tuma
343 2115 413 2160 non
427 2095 494 2160 visi
509 2093 657 2160 Caesaris
672 2113 804 2178 agmen.

35 2209 127 2274 'I'um
139 2209 226 2275 Cato
240 2207 404 2274 militibus
415 2206 511 2272 vultu
525 2207 722 2272 immutatus
736 2205 857 2272 eodem

37 2321 176 2404 Ignovit
190 2319 336 2406 pavidis.
350 2318 438 2382 ultro
453 2316 660 2399 fugientibus
674 2315 750 2402 ipse

36 2431 235 2517 Prospexit,
251 2431 381 2498 classes
395 2433 496 2512 portu
510 2429 682 2494 contraxit
692 2429 736 2494 ab
748 2431 839 2496 omni

35 2543 178 2621 Vicinc,
193 2557 372 2624 remosque
386 2537 481 2604 dedit
494 2541 755 2622 properantibus
766 2547 878 2627 aptos.

35 2655 325 2738 Cunctorumque,
345 2671 442 2718 suam
455 2649 612 2736 quamvis
627 2649 819 2736 projecerat
828 2653 915 2739 ipse,

34 2765 122 2836 Non
135 2766 334 2848 dedignatur
346 2763 478 2830 Ductor
488 2781 606 2828 curare
621 2761 777 2830 salutem

33 2876 177 2942 Solutus
192 2877 286 2941 cives
298 2873 423 2968 Uticae,
446 2880 480 2939 et
491 2873 696 2958 trepidantia
705 2876 819 2942 verbis

33 2989 186 3055 Pectora
199 2985 402 3052 confirmans
416 2985 575 3070 placidis,
596 3003 701 3070 quam
716 2993 809 3053 certa
822 2991 969 3072 supersit

33 3101 128 3187 Spes
142 3101 209 3165 iilis
224 3099 346 3178 veniae,
357 3099 458 3164 victis
474 3099 654 3166 clementia
668 3105 796 3184 quauta

32 3211 198 3289 casaris,
213 3211 362 3276 edocuit.
380 3210 460 3276 talis
475 3211 571 3296 cupit
584 3209 660 3295 ipse
673 3209 782 3276 uideri

32 3321 190 3400 Civibus,
205 3322 312 3404 utqui
326 3339 396 3388 non
410 3321 572 3386 donatam
586 3341 608 3386 a
623 3321 761 3392 Caesare
775 3299 890 3390 vitam¹

32 3434 227 3518 Spemeret.
242 3431 339 3496 illurn
353 3433 468 3510 etiam,
491 3433 547 3496 cui
561 3451 631 3498 nou
646 3433 829 3500 durissima
838 3437 944 3502 virtus

31 3543 190 3610 Affectus
204 3543 316 3608 celare
327 3561 411 3608 suos
424 3543 622 3628 permiserat
632 3560 794 3628 unquam,

33 3653 150 3736 Quem
163 3653 276 3720 nullus
290 3653 450 3721 simulare
464 3654 564 3720 timor
574 3655 760 3734 docuisset,
782 3663 902 3740 aperto

31 3765 104 3832 Vel
117 3763 315 3830 deflexisset
327 3765 427 3848 rigidi
442 3765 484 3830 de
499 3767 631 3832 tramite
645 3765 728 3846 veri,

31 3877 188 3946 'lbndem
201 3879 322 3944 mortis
335 3897 431 3944 amor
445 3879 538 3964 cogit
558 3879 718 3946 simulare
734 3878 910 3948 Catonem.

77 3988 247 4056 Orburant
259 3989 415 4056 homines
424 3990 499 4076 jam
513 3991 590 4056 luce
612 3990 749 4060 silentia
767 3991 892 4062 Noctis

31 4104 144 4190 Inque
158 4105 269 4170 vicem
284 4104 386 4170 tessis
401 4103 567 4170 donarunt
586 4122 691 4187 regna
705 4103 871 4186 quietem

28 4215 120 4282 Cum
133 4221 249 4302 gratos
263 4215 388 4294 euucd,
414 4235 503 4300 quos
519 4233 601 4282 cura
614 4213 779 4298 dolorque
795 4213 961 4292 sinebant,

27 4326 230 4414 Carpebant
242 4347 402 4400 somnos:
421 4327 487 4407 sed
500 4325 764 4411 nonuunquilta
777 4325 941 4394 Catonem
960 4431 965 4438 ι
