2708 4866
187 357 256 428 sss
413 454 417 461 ⁵
491 349 987 426 surrnnunrrurr

188 531 342 596 Perdidit
355 530 475 594 infelix
484 528 695 614 'Pompeium
708 527 764 592 hic
781 543 895 604 casus,
903 531 947 591 et
960 539 1063 592 omne
1095 574 1099 580 ·

188 643 336 709 Mutavit
349 641 429 706 belli
445 641 566 704 latum-
587 661 649 733 pro
665 637 929 709 Cessarelalsus

58 755 61 774 '
98 801 107 814 .
188 752 222 818 It
235 754 345 830 timor,
361 757 395 816 et
409 751 542 816 cunctis
557 750 730 818 Labienus
743 754 839 830 terga
854 747 990 822 dedisse

188 861 362 942 Creditum
385 861 445 924 illa
460 879 541 924 suos
557 858 706 926 debellat
721 859 850 944 opinio,
866 875 1032 942 spemque

188 969 357 1036 Caesareis
373 975 476 1036 creat.
500 989 645 1034 errorem
658 974 856 1048 monstrare,
871 977 1044 1036 metumve

186 1081 334 1150 Tantum
348 1083 499 1147 inhibere
514 1081 628 1146 studet
641 1082 766 1148 fnrstm
780 1081 968 1168 Pompeius
980 1104 991 1163 3
1011 1084 1144 1148 acerbo

187 1193 330 1260 Prodita
344 1194 476 1276 diffugit
491 1213 574 1257 casu
588 1194 782 1260 miseranda
792 1195 966 1280 juventus.

230 1303 356 1369 Infelix
370 1303 484 1369 Varus
499 1305 600 1368 toties
615 1293 773 1370 devictus
787 1307 831 1371 ab
847 1305 949 1370 armis

187 1413 367 1492 Caesureis,
383 1433 484 1498 quem
499 1420 549 1478 tot
563 1433 625 1499 per
639 1415 756 1512 cludes'
772 1417 843 1486 uu
859 1416 1029 1494 tulissent,

61 1517 67 1522 ’
185 1526 266 1592 Jam
279 1527 369 1590 male
385 1531 554 1592 servatam
570 1527 711 1610 cupiens
728 1529 927 1611 abrumpere
943 1527 1050 1592 uitam

187 1637 288 1703 Irruit
302 1639 337 1702 in
352 1639 485 1702 medios
501 1659 612 1715 enses,
630 1640 664 1702 ln
679 1640 819 1704 vulnera
832 1640 934 1704 laetus

187 1749 285 1814 Mille
300 1750 365 1814 ruit
379 1750 526 1814 moriens
539 1771 547 1830 ;
570 1755 650 1834 post
664 1756 715 1816 tot
730 1752 914 1816 certamina
929 1749 1021 1815 cladi

187 1858 282 1925 Huic
298 1879 477 1942 superesse
492 1862 609 1944 pudet,
626 1863 830 1946 cumulcque
846 1863 966 1927 deesse
980 1863 1148 1927 uirorrnn.

229 1967 278 2034 At
291 1971 393 2034 miser
407 1973 445 2034 ut
455 1971 536 2034 totis
550 1971 685 2037 rediens
701 1973 873 2038 labienus
888 1975 924 2038 in
939 1973 1031 2039 urvis

187 2081 474 2164 Pompeianorum
488 2082 574 2147 vidit
588 2083 752 2166 fugientia
767 2083 875 2166 signe,

187 2191 409 2276 Erroremque
426 2195 526 2258 simul
541 2195 680 2260 fatalem
696 2197 881 2272 audiverat,
898 2214 1015 2258 umens

188 2304 246 2369 Me
262 2305 422 2369 miserum
437 2306 625 2371 exclamat!
649 2311 764 2384 tentae,
779 2305 925 2382 fortuna,
940 2305 1047 2369 minoe

89 2483 90 2486 ,
188 2414 247 2480 Me
262 2415 350 2480 facis
362 2416 561 2501 authoreml
584 2434 713 2499 perine
729 2417 881 2482 crudelia
896 2417 969 2481 seta

53 2573 56 2579 -
186 2525 378 2592 Ausoniam
393 2525 575 2609 subignntl
598 2527 663 2591 hac
677 2529 742 2594 hac
756 2529 835 2612 fuge
850 2529 983 2626 prudite
1005 2527 1121 2605 miles,

188 2637 269 2704 Hoc
286 2640 380 2722 aperi
395 2639 739 2724 peccantumque
754 2637 1092 2706 ulciscere'cladem:

186 2749 257 2816 Aut
271 2769 393 2833 poenas
409 2755 541 2814 sument
555 2769 618 2834 pro
633 2751 733 2814 vobis
748 2749 896 2816 Caesaris
916 2769 1029 2814 enses

185 2859 274 2926 uum
288 2880 380 2938 vero,
397 2865 434 2924 ut
448 2859 521 2924 Leo
536 2858 671 2924 Getulis
686 2861 880 2926 insultibus
895 2861 1030 2938 ardens,

186 2970 256 3050 Qui
271 2975 468 3036 venatorum
482 2971 561 3034 telis
577 2971 801 3052 cingentibus,
816 2973 905 3035 ultro

185 3080 309 3148 Assilit
322 3083 358 3147 in
372 3082 506 3159 ferrum,
523 3101 599 3146 sese
614 3071 735 3164 ingerit
748 3083 824 3166 ipse
837 3083 988 3168 periclis,

186 3195 230 3260 Et
244 3195 368 3280 cupide
383 3195 487 3259 letum
502 3194 617 3277 gladio
632 3193 769 3258 molitur
783 3193 827 3258 ab
843 3189 946 3257 cinni.

164 3387 166 3392 ,
184 3305 339 3371 Tandem
353 3306 425 3369 vita
438 3305 525 3386 fugit
539 3303 676 3388 Stygias
690 3306 777 3369 irata
792 3305 855 3369 sub
870 3305 1019 3370 umbras.

227 3417 307 3482 Jum
321 3417 443 3499 stragis
459 3416 625 3494 cumulos,
642 3421 676 3480 et
695 3415 912 3479 incluctabile
928 3415 1091 3480 damnum

184 3525 329 3592 Viderat
343 3526 462 3590 infelix
477 3527 607 3589 tumulo
623 3523 811 3608 Pompeius
827 3527 871 3590 ab
887 3527 969 3603 alto,
1090 3563 1095 3569 -

112 3703 119 3708 ,
185 3635 229 3701 Et
243 3637 399 3720 quamvis
414 3637 526 3700 lucem
541 3635 689 3713 damnat,
706 3655 841 3719 sperare
853 3638 1016 3722 juventus

185 3747 321 3831 Integra
334 3749 536 3832 persuadet3
557 3747 808 3830 necquicquam
823 3767 845 3810 s
859 3745 1011 3811 tristibus
1028 3748 1123 3812 arvis

183 3857 337 3940 Aufugit,
352 3859 419 3923 heu
433 3865 522 3923 terra
537 3860 651 3922 statim
665 3859 846 3922 moriturus
861 3859 896 3922 in
911 3859 987 3922 ista.
1037 3863 1040 3872 '

185 3969 254 4034 Sed
268 3970 403 4034 fratem
419 3970 597 4052 Hispanas
613 3969 824 4033 abscondent
839 3969 910 4034 fata
925 3987 987 4052 per
1000 3969 1117 4047 urbes,

154 4059 159 4074 ’
184 4080 333 4146 Gesseris
348 4085 386 4146 ut
400 4081 512 4166 possit
526 4086 606 4164 post
620 4087 760 4144 mortem
775 4081 885 4144 tristia
898 4097 1015 4144 rursus

184 4192 294 4270 Bella,
310 4197 344 4256 et
358 4192 536 4258 Romanos
553 4193 634 4256 olim
648 4209 811 4255 renovare
826 4191 968 4254 furores.

211 4299 341 4385 ,Impia
350 4303 424 4386 jum
439 4302 554 4366 caedes
570 4301 686 4377 oritur,
700 4303 899 4386 passimque
914 4321 976 4385 per
991 4317 1094 4384 egros

184 4407 346 4501 Butuntos
361 4411 498 4478 caedunt
512 4411 633 4477 insano
648 4411 768 4477 ardore
782 4410 933 4476 furentes
