2776 4862
271 327 516 436 crvrur's
542 315 724 434 annui
770 364 880 432 ura.
919 363 982 433 rv.

71 537 242 628 Corpora
257 544 417 620 victores,
432 539 578 608 ducibus
599 541 810 619 mirantibus,
825 539 887 606 ulli

73 649 173 718 Rosa
189 654 313 719 ducem
329 653 425 718 tanti.
440 653 569 718 nullam
589 653 718 737 majore
734 652 851 736 locuta
865 656 935 738 est

74 763 155 830 Ore
169 771 289 844 ratem,
304 771 413 831 totum
426 765 620 830 discurrens
639 763 732 830 fama
746 783 808 847 per
823 764 953 848 orbem,

75 874 169 942 Nou
190 883 306 942 tamen
325 877 459 960 ignavae
475 875 644 958 posthaec
666 875 826 958 exempla
840 875 989 966 virorum
1009 945 1012 952 .
1048 937 1052 946 ,

76 985 286 1071 Percipient
301 993 430 1069 gentes,
446 1005 550 1070 quam
565 986 695 1050 sitnon
715 986 823 1050 ardua
836 986 944 1053 virtus

76 1095 271 1162 Servitium
284 1097 414 1180 fugisse
429 1115 542 1178 mauu.
565 1095 627 1160 sed
642 1115 745 1178 regua
758 1096 916 1160 timentur

78 1206 141 1272 Ob
157 1208 295 1286 ferrum,
311 1213 346 1272 et
359 1209 463 1284 savis
477 1207 616 1272 libertas
631 1206 737 1272 uritur
751 1206 873 1270 armis:

79 1317 296 1402 Ignoratque
317 1319 428 1396 datos,
444 1337 488 1384 ue
503 1318 685 1402 quisquam
700 1317 836 1394 serviat,
852 1335 963 1406 enses.

80 1427 187 1494 Mors
202 1429 332 1494 utinam
346 1430 493 1514 pavidos
507 1411 588 1494 ’vitre
604 1427 793 1512 subducere
808 1427 948 1514 nolles„

81 1537 157 1603 Sed
172 1540 281 1604 virurs
296 1545 330 1604 te
344 1539 421 1604 sola
434 1539 540 1607 daret.
578 1537 660 1620 Non
674 1537 810 1622 segnior
824 1538 884 1602 illo
909 1595 912 1600 .

83 1647 201 1714 Marte
221 1649 296 1728 suit,
313 1650 373 1733 qui
387 1655 468 1714 trrnc
483 1649 624 1732 Libycis
639 1650 769 1732 exarsit
782 1649 818 1716 in
832 1649 936 1732 arvis.

84 1758 253 1844 Namque
263 1765 353 1826 rates
368 1760 485 1826 audax
499 1760 656 1844 Lilybaeo
670 1762 782 1826 littore
798 1761 901 1828 solvit

83 1869 214 1934 Curio:
237 1891 301 1935 nec
316 1871 395 1938 forti
409 1871 496 1942 velis
511 1868 682 1954 Aquilone
696 1876 837 1956 recepto

85 1979 182 2046 Inter
202 1981 383 2054 semirutas
395 2000 528 2064 maguae
544 1980 758 2066 Carthaginis
773 1999 881 2060 arces,
1035 2029 1044 2036 -
1126 1979 1192 2066 585

86 2088 133 2154 Et
148 2089 329 2174 Clupeam,
345 2093 453 2172 tenuit
473 2093 629 2158 stationis
648 2094 763 2158 littora
776 2097 888 2159 notoe:
919 2121 925 2130 ¹
1170 2166 1175 2174 Ι

87 2197 276 2285 Primaque
291 2208 406 2270 cestre
419 2203 513 2270 locat
527 2221 615 2270 cauo
629 2205 751 2289 procul
765 2221 915 2288 aequore,
931 2219 1001 2286 qua
1018 2219 1056 2266 se
1122 2185 1133 2286 J

154 2341 205 2390 576
217 2339 361 2402 Percipient.
492 2343 541 2392 579
551 2355 591 2388 asc
600 2342 656 2402 ptis.
786 2344 835 2392 580
846 2341 920 2388 morti.
1011 2342 1060 2393 582
1069 2348 1126 2390 uss.

242 2407 291 2455 582
301 2406 377 2462 amb,
384 2407 435 2454 oris.
577 2409 626 2456 586
638 2404 751 2471 clypeum,
763 2405 870 2468 Clipeam,
882 2402 1005 2465 captum.

122 2521 180 2568 572.
199 2517 467 2585 monumenta]
488 2521 588 2570 Οοίινίο
606 2527 630 2569 at
653 2517 1090 2586 luitquiadrecipieudaurproviuciaur
1099 2523 1193 2582 missus,

89 2583 149 2632 sais.
654 2587 722 2648 pulso
731 2587 856 2649 fugatoque
867 2587 929 2634 Varo
937 2588 985 2646 jasu
994 2589 1117 2652 superbus,
1128 2587 1194 2638 subt·

121 2651 181 2698 574.
199 2647 347 2713 orarum]
365 2649 629 2698 Pseooaiustoslebra·
654 2657 703 2698 tuur
721 2653 789 2700 lube
806 2652 868 2714 regia
878 2651 1002 2700 adreutm
1020 2654 1192 2714 equitumue

91 2713 165 2760 tione.
444 2717 448 2728 '
655 2715 790 2762 Maurorum
806 2715 920 2763 sustinere
935 2731 980 2762 nou
994 2717 1077 2777 potuit.
1095 2715 1192 2766 Pstsbit

121 2779 179 2828 575.
199 2775 251 2824 Noa
262 2785 336 2824 tossen
353 2779 449 2842 ignum
467 2777 523 2843 aa]
540 2779 577 2828 Eo
596 2785 630 2828 ta·
655 2779 718 2831 ricto
728 2781 791 2841 luga,
807 2781 848 2827 sed
858 2781 935 2840 pudor
946 2782 1027 2837 suasit,
1043 2789 1072 2828 nt
1081 2782 1193 2842 amissura

88 2857 142 2890 raes
155 2841 272 2888 secordias
283 2849 375 2889 venturu
389 2851 426 2890 est
441 2851 510 2906 atque
520 2842 630 2904 igusvira,
656 2859 697 2890 sus
705 2844 846 2892 temeritate
856 2842 992 2900 exercitum,
1001 2852 1073 2893 morte
1083 2861 1192 2908 sequare-

88 2906 193 2962 at,lieat
202 2905 246 2952 lsoc
258 2907 343 2954 lactura
354 2907 378 2953 iu
390 2907 443 2954 allis
454 2907 523 2955 laude
533 2907 630 2968 dignum
654 2915 700 2954 tur.
926 2959 931 2969 Ι
1039 2954 1046 2962 ,

88 2970 630 3032 μιᾶίωπῑ,ἰμὶιοίἰιιὶνο1,οκ5ωοηωρΙο
688 2973 744 3022 588.
763 2971 866 3034 Notaque
877 2979 946 3028 rates,
961 2971 1018 3036 tte]
1043 2969 1070 3020 lu
1087 2964 1192 3021 stellius

88 3035 222 3096 intelligere
232 3051 299 3096 quaar
311 3051 355 3082 uon
370 3033 463 3082 dillioile
474 3037 514 3083 fiet
531 3035 630 3084 unita·
655 3036 780 3084 (lurionem
789 3039 959 3100 Proproetorsru
967 3037 1157 3098 oumlegionibus
1166 3040 1191 3087 ³.

88 3109 137 3148 tear
148 3106 311 3156 excuterem
327 3099 350 3146 iu
367 3099 498 3148 libertatern
513 3115 614 3148 sawrers
623 3117 630 3160 ;
655 3101 733 3148 Gnasr
744 3101 846 3160 miserat,
863 3105 953 3162 jussura
972 3109 999 3148 ut
1015 3117 1068 3148 curu
1087 3101 1192 3152 Sioillaur

87 3165 128 3214 rel
136 3163 182 3212 sibi
189 3163 254 3212 illata
262 3171 349 3221 morte,
360 3163 398 3210 vel
410 3163 508 3212 sublatis
518 3165 628 3226 tyrannis.
655 3163 783 3226 recepisset
793 3166 899 3229 protinus
914 3165 936 3212 iu
949 3163 1050 3214 Alrioaur
1061 3167 1193 3218 traduceret

123 3233 181 3278 577.
199 3229 243 3275 Sed
256 3244 327 3292 regna
335 3231 451 3286 finientur,
462 3229 518 3294 δια]
536 3230 583 3277 Sed
594 3237 630 3292 ty·
655 3229 791 3277 exercitum.
808 3229 857 3287 ille,
876 3229 1022 3292 profugiente
1041 3246 1054 3276 e
1072 3231 1194 3291 provincia

89 3295 192 3342 rauuiear
209 3299 336 3352 potestates
353 3293 471 3349 timentur,
483 3295 537 3354 quia
552 3299 630 3342 custo·
655 3295 752 3349 Catone,
766 3303 869 3354 quartam
887 3295 933 3356 leg.
956 3294 1133 3357 conscripserat,
1149 3287 1193 3344 aad

89 3359 138 3421 diis
148 3365 174 3406 et
190 3357 307 3404 satellitiis
321 3364 444 3414 amantur,
462 3358 517 3405 dum
535 3359 630 3406 liberta·
655 3357 736 3418 copias
745 3359 773 3405 P.
786 3359 835 3406 Arii
847 3359 903 3406 Vari
913 3357 1053 3418 despiciens,
1068 3359 1126 3406 duas
1142 3369 1191 3425 ῑιιι·Ι

89 3431 139 3472 tear
150 3422 175 3470 vi
192 3423 332 3484 opprimunt.
350 3423 424 3480 Quasi
442 3438 498 3470 vero
516 3423 630 3470 libertatis
655 3428 704 3469 turu
714 3422 820 3483 legiones
831 3429 855 3470 ot
867 3425 898 3470 D.
915 3423 1006 3485 equites
1018 3427 1193 3484 transportavit.

89 3486 207 3536 studiosis
218 3485 312 3534 difficile
322 3485 353 3534 ait
364 3485 425 3535 scire
436 3485 482 3536 sibi
497 3488 565 3535 datos
577 3503 629 3536 essa
655 3485 785 3547 Lilyboeuru
796 3485 881 3536 Sicilisr
889 3488 1070 3550 promontorium
1078 3491 1192 3552 est,quod

88 3567 167 3608 esset,
180 3551 470 3608 sdtueudaurlilssrtatern,
480 3568 509 3600 ue
519 3557 630 3614 cogantur
655 3559 745 3612 spectat
763 3551 882 3614 Alrioaur5
897 3552 932 3600 uti
954 3551 1070 3610 Pelorum,
1092 3553 1193 3612 Italia‘ru,

88 3616 189 3664 servire.
207 3613 236 3664 Is
253 3615 340 3664 nullius
354 3633 432 3666 mursa
443 3624 559 3678 mura,
576 3633 629 3666 cum
655 3615 791 3674 Paetinam,
810 3618 932 3666 Graeciam.
956 3617 1057 3682 dudm]
1074 3619 1193 3668 Audacem

87 3683 183 3730 nursia
197 3689 280 3728 amru.
313 3681 398 3730 Stoice.
654 3697 708 3730 eum
718 3689 795 3738 vocat,
811 3681 877 3742 quasi
888 3680 1047 3740 temerarium,
1063 3687 1087 3728 et
1102 3683 1142 3744 qui
1152 3698 1193 3746 pa·

123 3745 182 3796 578.
200 3743 411 3812 amandun]
434 3746 580 3809 Opprimltar
599 3748 629 3794 ab
654 3761 706 3794 roro
717 3747 933 3808 circumspectores
944 3746 1045 3810 gerebat.

89 3811 193 3859 masis
210 3807 314 3859 Horten.
483 3839 490 3848 ·
687 3813 744 3860 584.
762 3809 811 3860 Nec
813 3811 885 3876 sorti,
904 3807 962 3878 isa]
979 3807 1038 3858 irari
1054 3816 1079 3858 et
1089 3807 1193 3859 seeundo

124 3877 181 3925 ⁵8⁰.
200 3875 261 3924 Mors
270 3875 629 3942 naum,uc.]negeuumtu-
654 3882 734 3926 vento.
919 3893 929 3906 ‘
1009 3931 1012 3938 r

89 3956 137 4004 que
152 3939 268 4003 etignri
280 3939 350 3988 ritaur
367 3957 420 3989 curu
437 3941 549 3990 servitute
561 3947 631 4004 agant
688 3941 743 3992 585.
762 3937 955 3989 interseruimus
973 3954 1059 4004 magna
1071 3935 1194 4053 Cadltfit'·

91 4013 200 4066 turpem:
217 4005 514 4056 t'orteaetnolsilasaesua
526 4007 630 4056 nrauuiu
654 4003 942 4070 sisarcca,EtClupeorn.]
955 4003 1148 4067 Aquilariamapp
1174 4005 1194 4053 it

89 4071 222 4118 libertatern
234 4073 344 4118 asserant.
655 4071 773 4134 aGlupois
782 4072 817 4119 Μ.
826 4088 887 4136 pass.
896 4068 982 4118 XXII.
991 4069 1193 4120 distorserunt

124 4138 181 4186 ⁵81.
200 4133 253 4182 Non
270 4133 365 4198 segnior,
383 4133 441 4201 tra]
466 4137 548 4198 Neque
568 4136 630 4184 bello
655 4138 737 4200 procul
752 4136 914 4198 acartlragiue
920 4137 967 4194 jain
985 4133 1014 4180 ab
1024 4134 1118 4182 excidio
1129 4133 1193 4182 tertii

89 4200 168 4248 ninus
182 4200 255 4248 stroci
273 4205 342 4261 atqua
359 4199 630 4250 adreraoaCaeaarisnis
655 4202 710 4252 bell.
723 4201 885 4250 Pun.urodioe
899 4199 1014 4247 restituta.
1184 4195 1191 4208 ⁴

89 4265 206 4314 inAlrioa
222 4271 348 4328 pugnaturn
368 4272 412 4322 est,
429 4281 497 4327 quau
512 4267 586 4314 luerat
605 4267 630 4314 iu
689 4269 745 4318 586.
763 4263 848 4378 Νοῐιό]
874 4263 985 4311 Romanis
1011 4261 1116 4312 bellust
1134 4275 1193 4332 ppos

90 4330 219 4378 Adriatico.
239 4331 267 4377 ln
279 4329 358 4376 Africa
375 4345 466 4392 quoquo
476 4325 566 4395 (iuquit
576 4329 631 4377 Flo-
656 4331 763 4394 coguitor.
774 4331 809 4382 uel
840 4328 914 4378 urioui
921 4327 1088 4390 tmuwguin.

89 4395 203 4463 mnu
222 4395 506 4446 etrumaoshuitu
524 4393 632 4444 fflriouis
735 4411 738 4418 ·
