2708 4866
357 399 596 467 tucn-Nl.
633 398 741 468 LIB.
779 403 853 468 ΙΠ.Ἰ

1084 406 1149 472 539

37 564 137 672 ¹Noc,
152 570 315 653 quoniam
330 569 487 636 Emathia
502 573 627 638 cecidit
641 575 706 640 sub
721 573 857 642 Gaesare
873 575 998 654 Rom„
1099 588 1102 596 .
1133 589 1136 596 .

41 675 122 742 Vos
137 681 300 744 transisse
316 680 423 758 Deos,
439 680 663 766 Romanaque
673 683 753 767 jura
766 695 910 766 perosos
1028 697 1032 706 “

42 785 195 852 Credite.
217 789 388 872 Pompeio
404 789 542 858 solitum
558 791 708 856 Fortrma
721 793 858 874 negavit

43 895 132 961 Non
148 897 234 962 Urbi
249 900 429 978 auxilium3
451 901 553 964 toties
567 901 697 964 lassata
710 901 888 984 triumphis

41 1005 189 1086 Privati,
204 1012 312 1076 verita
325 1011 379 1076 es't
390 1030 449 1086 ne,
461 1011 491 1074 si
507 1011 688 1075 cecidisset
702 1011 737 1074 in
752 1013 845 1076 arvis

42 1119 231 1184 AEmathiis
247 1121 374 1197 Gaesar,
390 1121 555 1204 deceptus
570 1120 721 1184 crederet
735 1120 837 1185 Orbis

41 1227 128 1292 Non
144 1229 266 1294 Romae
282 1230 344 1294 sed
358 1229 526 1314 Pompeio
541 1229 687 1294 donasse
701 1230 916 1314 triumphum,

41 1336 246 1423 Privatique
260 1339 365 1404 fuisse
381 1339 503 1404 Deam.
525 1355 593 1405 non
609 1341 756 1423 amplius
772 1340 899 1408 Urbem
993 1355 996 1362 ·

41 1447 220 1514 Destituet
234 1449 383 1514 Fortuna
397 1468 507 1526 suam,-
521 1449 644 1514 iatisve
658 1451 796 1516 nefandi
873 1499 876 1512 .

41 1557 196 1624 Caesaris
211 1558 381 1624 Ausoniae·
392 1579 509 1624 sacras
524 1559 744 1624 succumbere
759 1559 852 1642 leges
958 1581 960 1587 ·
1017 1577 1019 1584 ’
1102 1561 1105 1570 ’

42 1668 299 1754 Imperiumque
315 1671 413 1736 sinet.
436 1689 504 1734 non
520 1673 599 1732 sunt
611 1667 687 1733 haec
702 1669 801 1751 signa
819 1669 971 1734 Deorum
1006 1685 1008 1694 ’

42 1779 215 1844 Iratomm
230 1780 315 1844 Urbi
329 1779 377 1864 (si
391 1799 445 1845 me
460 1799 529 1844 non
543 1779 658 1843 omnia
678 1777 816 1866 fallunt)

42 1890 234 1956 Ductorem
247 1891 347 1956 vobis
363 1891 497 1973 Libyco
510 1889 834 1982 pugnantibus'orbe
952 1907 954 1914 ¹

42 1999 150 2078 Quod
165 2000 247 2066 dant
260 2001 468 2084 Scipiadem.
484 2001 600 2066 felicia
612 2001 762 2066 nominis
773 2001 875 2085 hujus

41 2111 132 2176 Fata
146 2113 215 2189 hic,·
230 2111 406 2177 autAfros
420 2117 556 2177 nonest
570 2127 755 2176 memorare
770 2127 922 2177 necesse
977 2127 980 2132 '
1041 2131 1045 2140 ·

39 2219 160 2304 (Quos
174 2242 244 2288 non
257 2223 329 2286 ulla
342 2229 456 2306 potest
469 2224 563 2306 regio
578 2221 727 2308 nescire)
740 2221 939 2326 triumphos.

40 2331 147 2398 Talia
159 2334 213 2398 fas
227 2334 327 2397 nobis
342 2350 479 2417 sperare
494 2339 561 2414 est;
583 2355 652 2400 uon
666 2335 781 2398 minor
790 2341 898 2398 armat
916 2347 919 2352 ·
943 2347 947 2356 ·
1025 2353 1029 2362 ·

39 2443 118 2508 Nos
133 2445 266 2528 pietas:
290 2446 379 2510 Latii
393 2466 457 2510 nec
471 2448 618 2512 nominis
628 2445 932 2511 ¹Hannibal-hostis

39 2554 182 2620 Caesare
198 2555 352 2620 deterior.
374 2555 494 2637 patriae
505 2555 650 2639 junxere
665 2555 810 2625 salutem
875 2565 880 2574 ’

39 2664 130 2728 Cum
145 2671 258 2730 vestra
272 2664 404 2747 Superi.
427 2665 755 2730 manibusreddetur
767 2655 900 2729 ‘eisdem
931 2677 934 2684 '
1048 2678 1050 2684 ’

40 2774 158 2840 Rom
172 2775 238 2839 sibi
252 2781 287 2840 et
300 2775 411 2839 vobis.
433 2775 555 2838 virtute
570 2775 736 2839 accersite
749 2775 867 2840 iatum.

36 2885 224 2951 Communi
238 2885 488 2978 proprioscum
502 2885 660 2950 libertate¹
670 2885 829 2962 Penates,
868 2895 872 2912 ¹

39 2995 213 3080 Coujugia
226 3001 328 3078 amne
344 2995 465 3058 domos
480 2994 555 3059 istis
570 2995 757 3077 conquirite
774 2995 916 3078 campis.

41 3107 168 3170 Militis
182 3105 319 3188 erigitur
332 3105 450 3181 virtus,
460 3104 621 3170 animosa
635 3105 793 3170 cohortes
909 3115 913 3122 ·
1033 3115 1036 3122 ·

38 3219 99 3282 ira
113 3218 207 3282 subit
220 3217 348 3294 latias,
363 3227 555 3300 pugnaque
570 3214 727 3282 accendit
741 3233 868 3280 amore.

39 3332 120 3396 Nec
135 3330 246 3397 minus
262 3329 391 3394 interea
404 3328 499 3392 vario
514 3327 661 3392 clamore
675 3324 841 3390 fremebat

39 3445 196 3510 Dissona
208 3442 306 3508 turba
318 3441 341 3506 J
343 3443 433 3518 ubas,
449 3446 484 3505 et
497 3439 579 3506 belii
592 3437 741 3521 rmdique
755 3437 853 3518 signa
867 3441 1016 3520 petebat.

83 3553 214 3630 Gaesar,
230 3559 267 3618 ut
280 3557 434 3636 optatum
448 3551 527 3616 Diis
540 3547 902 3615 advenisse'sec'undis'

38 3663 221 3748 Pugnandi
234 3661 546 3746 vidit-tempas,·sic
560 3665 647 3725 voc'e
662 3661 818 3726 cohortes
856 3663 859 3672 '

38 3779 169 3844 Incitat
183 3775 349 3842 audaces:
372 3771 501 3840 dextris
514 3771 713 3838 victricibus
726 3772 792 3836 iste

37 3887 188 3955 Uitimus
203 3907 245 3951 en
260 3885 374 3962 mador,
387 3886 457 3969 'qui
470 3882 690 3950 totmcrcede
704 3883 839 3948 labores

38 3998 207 4064 Pensabit
220 3997 333 4080 digua,
350 3997 474 4080 quitot
486 3996 593 4063 livore
607 3997 750 4076 negatos

38 4109 230 4184 Hactenus,
243 4113 278 4174 et
290 4127 415 4191 magna
426 4106 565 4172 meritos
579 4107 700 4170 virtute
714 4105 903 4189 triumphos
1011 4101 1013 4106 ’

26 4220 190 4302 ,Αεεοτοι
205 4218 361 4285 ista·dies
376 4231 597 4302 quascunque
612 4221 671 4281 aut
685 4214 801 4280 Gallia
814 4215 940 4290 umus,

36 4333 108 4398 Aut
122 4327 236 4398 Rheni
249 4334 378 4414 gentes,
393 4333 453 4394 aut
465 4328 558 4392 victa
572 4325 748 4392 Britannia
761 4323 895 4390 debent*
974 4329 977 4336 '
