2776 4862
289 313 564 436 .c1v1n1s
609 315 804 384 nunni
840 314 965 382 ΜΒ.
1000 312 1063 420 We

116 490 349 560 Mansuevere
368 491 462 568 ferae,
479 497 513 556 et
537 491 651 556 vultus
670 507 816 574 posuere
831 489 995 564 minaces,

115 603 237 688 Atque
251 603 424 668 hominem
445 601 595 666 didicere
610 601 704 684 pati:
727 600 758 664 si
773 598 901 665 torrida
916 617 1044 682 parvus

117 713 228 779 Venit
242 715 279 778 in
293 733 355 782 ora
375 732 486 787 cruor,
499 699 643 776 redeunt
659 711 843 794 rabiesque
858 709 1032 792 fruorque,

117 821 387 906 Admonitaeque
402 827 531 888 tument
549 826 684 904 gustato
704 821 868 910 sanguine
883 819 1024 884 lauces:

120 930 261 1012 Fervet,
275 938 310 998 et
328 931 498 1016 anepido
518 932 580 998 vix
593 932 743 1000 abstinet
764 931 816 996 ira
829 930 1007 1013 magistro.
1103 963 1105 968 ·

120 1042 244 1110 Iturin
265 1063 365 1110 omne
378 1043 497 1110 nefas:
520 1048 555 1110 et
568 1063 647 1128 queo
671 1041 825 1108 Fortuna
840 1041 993 1106 Deorum

121 1153 263 1220 Invidia
278 1171 375 1220 crece
387 1153 553 1220 bellorum
567 1155 604 1219 in
624 1158 726 1221 noete
747 1153 893 1231 tulisset,

122 1265 226 1330 Fecit
238 1270 366 1341 nostro,
381 1263 486 1330 tides:
509 1265 595 1328 inter
608 1281 825 1348 mensasque,
842 1267 1016 1346 torosque,

121 1375 216 1456 Qum
231 1375 336 1442 modo
351 1376 536 1460 complexu
549 1377 706 1446 foverunt
726 1379 879 1459 pectora,
895 1373 1043 1438 credunt.

122 1485 169 1552 Et
183 1488 342 1572 quamvis
357 1489 467 1571 primo
482 1487 606 1552 serrum
621 1489 787 1554 strinxere
809 1491 996 1571 gementes,

123 1595 175 1664 Ut
193 1597 324 1663 dextrae
339 1598 427 1682 justi
446 1598 580 1682 gladius
596 1598 773 1664 dissuasor
796 1596 954 1674 adhaesit,

124 1707 222 1773 Dum
236 1689 370 1785 feriunt,
382 1708 484 1774 odere
500 1728 594 1788 suos,
610 1709 813 1792 animosque
827 1708 984 1772 labantes

125 1815 337 1884 Confirmant
352 1808 436 1883 ictu.v
450 1817 664 1904 ferventjam
680 1824 794 1886 castra
808 1819 965 1894 unum,
1164 1817 1233 1882 25⁰

126 1925 173 1991 Et
187 1928 356 1994 scelentm
369 1929 488 1994 nube:
510 1930 687 2014 rapiuntur
702 1929 794 1996 colla
808 1917 1033 2022 pareutum<

127 2034 182 2100 Ac
197 2037 294 2102 velut
314 2039 487 2104 occultum
502 2045 620 2123 pereat
633 2041 759 2122 scelus,
781 2039 898 2106 omnia
910 2044 1063 2106 monstro

125 2146 170 2214 In
183 2148 310 2214 faciem
324 2169 471 2233 posuere
487 2151 633 2215 ducum:
651 2151 754 2235 juvat
774 2170 851 2216 esse
866 2156 1043 2214 nocentes.

76 2295 85 2310 ·
171 2257 228 2324 Tu
244 2258 375 2337 Caesar,
394 2260 552 2343 quamvis
567 2260 736 2343 spoliatus
751 2261 858 2326 milite
870 2259 980 2326 multo
1062 2283 1078 2330 ·.

128 2405 281 2454 uidelicet.
347 2409 452 2458 sltem.
517 2408 681 2464 tuuoctefiu
692 2406 758 2453 sobe.
834 2405 883 2455 245
896 2415 1000 2454 mandre.
1078 2409 1233 2469 iddeovpore.

179 2473 227 2521 251
239 2472 288 2523 Hic
299 2487 380 2520 verens
390 2474 413 2520 in
425 2474 473 2521 Me.
483 2473 552 2520 tertio
561 2472 675 2534 deinceps
686 2471 739 2519 loco
749 2470 862 2533 sequitur.
929 2472 978 2520 254
989 2473 1095 2534 quamde,
1107 2471 1190 2522 θεων.

128 2599 211 2648 esveis
221 2599 339 2658 coe'rcilse,
349 2600 440 2650 feritate
453 2603 568 2666 deposita,
579 2618 672 2651 nauum
730 2604 786 2650 tto.
805 2601 861 2656 Qec
871 2601 1061 2664 nodocompletu,
1073 2601 1130 2666 dte]
1147 2602 1234 2650 Ediss-

127 2666 280 2714 munerati
290 2667 338 2729 peti
349 2669 448 2724 edoctae,
460 2676 484 2716 et
494 2668 582 2714 rabiem
593 2668 672 2714 exuis·
696 2672 732 2713 ret
748 2665 864 2723 Petreius,
874 2674 909 2722 nt,
920 2682 992 2728 penes
1007 2682 1075 2728 quem
1093 2669 1190 2729 quisque
1202 2668 1234 2714 sit

128 2745 155 2778 se
165 2730 231 2788 deor,
243 2731 367 2792 degustato
375 2739 451 2780 tmen
461 2733 572 2794 sanguine
583 2732 606 2779 in
613 2733 672 2794 pris·
696 2730 765 2778 miles
775 2730 884 2788 Gsesuis,
892 2733 1044 2792 producetur,
1056 2732 1183 2792 productos
1194 2747 1234 2792 ps·

129 2793 204 2841 tinem
213 2797 312 2843 redeunt
323 2795 492 2845 truculentiam.
696 2795 743 2842 lem
754 2795 778 2842 in
785 2795 1053 2844 Pretoriointerficiunt.
1066 2793 1234 2858 Feret-arripen-

163 2860 223 2910 ΞΗ.
241 2859 372 2924 Magiam]
391 2862 503 2918 Custode,
512 2867 611 2909 rectore.
696 2858 767 2922 tom]
798 2861 872 2908 Addit
890 2876 904 2908 s
925 2860 1030 2922 gestibus
1048 2859 1107 2908 elios
1128 2860 1234 2916 effectos,

137 2949 140 2954 ·
163 2925 221 2974 ut.
240 2924 305 2972 licit
316 2924 477 2988 nonmfides]
495 2927 532 2973 lis
546 2927 672 2973 emendans
698 2925 760 2986 qnod
776 2933 908 2987 aspectors
919 2925 1084 2982 consedes-nnn
1098 2939 1150 2986 quse
1163 2925 1234 2989 psulo

130 2987 206 3050 tingo
225 2989 330 3044 Grotius,
348 2991 414 3051 legit,
431 2989 493 3038 Fecit
512 2998 587 3037 nostru
603 2989 674 3053 fides,
698 2995 751 3036 ente
761 2990 879 3052 complexi
888 2991 987 3037 fuerent
1005 2987 1145 3037 Heremias.
1190 3009 1196 3020 ·

130 3058 203 3113 uque
217 3053 252 3101 its
265 3053 381 3115 intelligit.
408 3055 521 3103 Potuerst
536 3055 622 3102 bellurn
640 3055 673 3101 ci·
731 3057 787 3103 24⁷.
805 3052 1071 3116 cenomannense

130 3117 178 3164 vile
196 3117 293 3166 deornm
310 3127 335 3166 et
345 3119 387 3166 tad
401 3120 523 3181 iniquioris
538 3120 614 3167 videri
625 3120 673 3166 cul·
731 3121 788 3167 248.
809 3118 839 3166 Ut
857 3119 940 3166 dentre
946 3118 1017 3180 jeieli,
1033 3115 1092 3180 bic]
1106 3119 1233 3179 Postquam

131 3195 173 3244 ps:
182 3183 312 3245 pracsertim
319 3183 339 3230 ei
346 3184 440 3231 temnite
447 3185 527 3244 prelis
535 3183 628 3246 ignotos
638 3183 674 3246 ig·
697 3188 773 3231 brnen
784 3183 942 3230 extrusissent
956 3182 1057 3244 pediam
1068 3189 1149 3229 centn
1161 3185 1200 3244 jus
1210 3183 1233 3230 in

131 3245 195 3294 sotis
206 3247 390 3308 implicuissent:
407 3263 468 3296 nnuc
479 3250 584 3311 prolecto
595 3255 674 3296 nostre
698 3262 753 3294 suos
763 3249 875 3310 hospites,
892 3247 966 3303 cives,
984 3245 1128 3309 propinquos
1139 3248 1234 3295 savitu-

131 3319 178 3366 eet,
195 3312 251 3373 quis
261 3313 319 3359 alter
328 3313 432 3372 ¹alterurn
443 3314 559 3370 novimus,
578 3316 673 3374 ejusque
697 3325 757 3368 rum,
768 3312 830 3360 inter
844 3311 984 3368 feriendum,
994 3311 1073 3358 odium
1083 3312 1107 3358 in
1118 3327 1174 3360 snos
1184 3312 1232 3360 ool·

131 3375 166 3423 rei
178 3376 237 3423 certi
248 3383 273 3424 et
285 3378 350 3425 nobis
362 3379 448 3425 conscii
462 3393 541 3425 sumus
556 3393 607 3426 nem
621 3392 673 3438 quse
697 3376 772 3438 ligant
783 3377 897 3440 simulque
912 3376 1062 3438 exprimunt:
1079 3375 1167 3424 animos
1182 3376 1234 3424 scil.

132 3447 173 3487 sut
191 3441 328 3502 ignorantis,
344 3449 385 3489 ent
402 3443 491 3504 impetu
509 3442 575 3500 liunt,
593 3457 672 3490 corum
697 3439 764 3504 prius
782 3441 867 3490 dubios
885 3447 909 3488 ot
928 3441 1064 3490 vacillantes
1080 3441 1129 3490 ictu
1150 3442 1233 3490 eonsu-

131 3505 202 3567 eulpa
212 3506 280 3552 facile
292 3507 340 3554 isto
354 3509 498 3566 meignsturr
511 3521 562 3568 quse
572 3505 673 3554 destine-
697 3513 770 3562 ment,
780 3507 947 3567 obdunntqre.

131 3573 157 3616 to
167 3568 206 3616 est
216 3567 241 3616 le
250 3569 393 3636 'paginae
407 3578 514 3632 eguntm,
525 3587 553 3620 ee
563 3585 609 3619 uon
619 3573 673 3618 ew
731 3573 787 3620 249.
805 3569 937 3634 hlauta]
955 3569 1102 3620 Deficientes.

131 3634 233 3699 χήμηι
253 3643 315 3691 snut,
336 3637 377 3684 red
395 3637 529 3698 ὶέιιίιμιτα.
557 3637 674 3684 Ceterum
731 3637 786 3684 25².
803 3635 836 3684 Ac
845 3636 1036 3694 salcicccultam,
1047 3633 1104 3698 dte]
1115 3638 1152 3682 llo
1161 3633 1235 3682 veluti

132 3715 179 3746 non
190 3699 262 3746 video
278 3716 320 3747 eur
333 3709 400 3748 vetus
417 3701 486 3749 lectio
498 3699 562 3748 Fecit
575 3709 674 3748 manure
698 3699 793 3747 sceleris
800 3701 945 3763 periretlsus
954 3707 978 3749 et
985 3699 1068 3762 gretie,
1080 3699 1100 3747 si
1108 3699 1234 3747 celareturr

130 3761 367 3820 fides,temmcnstro
385 3765 468 3814 similis
480 3765 580 3827 onipiem
594 3765 676 3813 vides-
697 3771 844 3826 portentosas
865 3767 943 3813 mdes
968 3765 1095 3829 proferunt,
1121 3778 1234 3812 cesorum

131 3835 179 3876 ter.
197 3828 262 3886 Quin
275 3838 391 3878 mutemus
401 3830 422 3877 si
433 3829 486 3893 quis
496 3831 631 3878 commodus
639 3829 674 3876 in·
698 3837 846 3892 cognatorum
855 3829 932 3892 cepits
942 3829 1040 3876 ducibus
1053 3833 1201 3891 presentant.

134 3893 164 3940 de
183 3907 266 3941 snm
282 3895 335 3942 elisi
351 3895 433 3956 possit.
450 3895 575 3950 Petreiani,
592 3896 675 3956 iuquit,
731 3896 787 3943 254.
805 3894 841 3942 'la
854 3894 937 3951 Cesar,
955 3893 1012 3956 &c.]
1030 3895 1145 3941 Gaesarem
1157 3891 1236 3941 leuda

133 3957 269 4008 dcmfidem
276 3960 426 4020 jurejursndo
433 3967 566 4008 renovatum
574 3959 675 4008 ducibus
698 3971 712 4006 a
726 3958 911 4022 clementiaque
926 3961 1046 4007 consuens
1062 3964 1086 4004 et
1102 3966 1234 4012 veneratus,

135 4023 236 4083 prebere
254 4025 345 4082 volunt,
361 4031 674 4086 perpetraruntmorrstrosus
697 4025 812 4072 reveritus
828 4031 897 4088 etque
913 4025 1016 4071 imitetur
1031 4021 1097 4077 deos,
1113 4022 1137 4070 in
1148 4022 1235 4070 milites
1267 4042 1273 4048 ·
1375 4057 1376 4110 ἶ

134 4087 223 4134 civim
232 4103 326 4137 sum
337 4090 422 4146 eredes,
433 4089 513 4150 quales
523 4103 570 4136 non
583 4090 674 4137 fortnas
697 4088 882 4138 edversariorum
892 4089 932 4152 qui
943 4089 967 4136 in
978 4103 1021 4137 eus
1031 4093 1106 4136 cestre
1117 4095 1236 4142 venerant,

134 4152 242 4200 victorie
263 4154 364 4202 insolam
382 4154 526 4202 exercuisset
549 4153 574 4201 iu
594 4153 673 4202 bostes
696 4153 1121 4218 nonenrierit.nsmqnebossumms
1135 4151 1236 4214 diligen-

134 4215 231 4265 hm
241 4217 278 4266 irs
289 4219 364 4267 victos
381 4217 475 4280 tuipse
490 4217 625 4266 confusione
637 4225 673 4266 tn·
697 4217 730 4265 tie
741 4217 885 4282 conquisitos
903 4217 1036 4276 dimiserst3
1051 4224 1137 4279 prester
1153 4215 1235 4262 'ilibu-

135 4282 245 4330 rnnltuosi
255 4283 322 4332 betti,
337 4284 384 4332 eet
395 4283 505 4347 dispiciat
515 4284 596 4340 lector,
606 4283 673 4332 etin·
697 4299 740 4330 nos
761 4283 890 4344 permultos
909 4289 934 4332 et
952 4283 1114 4337 senoniense,
1133 4279 1174 4343 qui
1186 4296 1236 4328 'sua

135 4345 170 4394 tn
180 4363 243 4397 ven.
255 4349 311 4400 252.
321 4348 534 4413 eppellsrmemtru.
698 4347 816 4396 voluntate
832 4347 895 4412 spnd
912 4362 965 4397 eum
978 4353 1161 4412 mentesani·
1177 4344 1235 4394 Gro-
