2708 4866
191 351 257 422 648
494 345 996 416 SUPPLEMEN'I'UM

236 521 380 588 Exclusi
394 521 515 607 rapido
532 522 664 604 lugiunt
679 541 740 605 per
755 521 856 586 devie
871 541 985 599 cursu,

195 631 240 700 Er
253 635 393 712 Villam,
410 633 532 719 paucis
547 634 699 717 equiturn
709 633 927 717 stipantibus,
940 631 1067 696 intrant

196 745 276 812 Rex
290 745 314 812 J
315 747 385 812 uba
400 745 622 828 Petreiusque
637 745 749 810 simul.
764 750 836 810 tnm
861 745 955 810 sessa
969 745 1085 826 quiete

195 855 349 942 Corpora
361 862 569 941 componunt
583 857 709 933 secus,
733 876 910 940 aegrosqne
924 874 1116 940 peromnes
1139 881 1143 892 ·

195 966 392 1034 Devolvunt
406 969 539 1032 animos
555 987 668 1047 casus,
690 967 860 1032 solamina
874 967 983 1032 donec

193 1077 324 1144 Ultima
337 1079 476 1144 lassatis
491 1079 610 1161 ingens
625 1077 773 1144 audacie
788 1078 931 1162 praebet.

195 1187 365 1256 Continuo
379 1191 567 1254 instaurant
578 1191 709 1274 epulas,
726 1189 905 1275 plenisque
920 1189 1027 1272 Lyaeo

196 1299 425 1366 Discumbunt
438 1302 577 1366 mensis.
594 1307 778 1386 postquam
794 1318 1012 1384 compressus
1027 1297 1156 1364 edendi

197 1409 261 1477 Est
275 1431 388 1492 amor;
410 1411 579 1496 intrepido
595 1413 731 1476 tandem
747 1413 798 1476 sic
820 1409 1043 1487 inchoatore,

197 1519 436 1606 Petreiumque
451 1522 534 1586 toris
548 1521 571 1586 J
573 1523 642 1590 uba
657 1521 874 1590 Rexatlatur
890 1521 935 1586 ab
950 1522 1050 1586 altis:

197 1631 252 1698 En
267 1631 422 1700 Romane
438 1633 536 1699 vides
551 1655 620 1718 qno
635 1655 699 1700 nos
716 1635 867 1700 Fortuna
878 1633 1028 1716 redegit:

199 1745 283 1810 Sola
296 1747 415 1811 relicta
433 1746 527 1812 salus
543 1747 722 1812 clementia
734 1747 903 1828 Caesaris;
926 1751 1045 1812 utnon

199 1856 277 1922 Nos
292 1857 441 1924 ductam
456 1859 582 1924 fuimus
597 1861 767 1926 temnendi
782 1859 932 1934 Coesoris
946 1849 1077 1937 hostes,

196 1965 417 2034 Adversusve
432 1970 527 2034 illum
541 1977 612 2036 tarn
626 1971 768 2038 innoxia
781 1971 949 2055 gessimus
965 1985 1074 2046 Um»

198 2077 247 2144 Ut
256 2079 391 2144 veniam
406 2081 508 2146 liceat
523 2082 620 2148 salvo
634 2103 772 2168 sperare
785 2083 928 2167 pudore,

198 2189 367 2256 Oblateve
382 2193 458 2258 frui.
482 2213 560 2278 quae
575 2215 645 2260 non
661 2195 744 2261 dant
759 2215 853 2262 anna
867 2195 1023 2272 salutem,

201 2302 294 2368 Dent
307 2305 497 2370 libertatem
511 2307 623 2372 nobis.
638 2328 693 2374 me
708 2313 802 2374 certo
811 2306 962 2372 manebit

202 2411 359 2478 libertas
375 2414 482 2498 ferr03
505 2437 569 2482 nec
586 2417 722 2500 dignam
738 2419 874 2486 credere
887 2419 992 2484 vitam

202 2521 306 2588 Hanc
321 2544 464 2608 possum
479 2527 582 2606 votis,
597 2533 635 2593 ut
646 2529 803 2613 supplice
816 2529 912 2613 Rege
927 2529 1099 2613 superbus

172 2687 174 2692 .
201 2634 373 2702 Intumeat
388 2637 525 2719 Cassan
546 2659 611 2704 nec
626 2661 728 2724 quem
742 2643 886 2708 vidisset
895 2641 1023 2708 honore

203 2745 245 2811 ln
260 2767 391 2814 summo
407 2749 523 2815 forsan
536 2749 584 2836 (si
598 2753 652 2817 vel
670 2752 862 2837 Pompeius
872 2755 907 2820 in
921 2755 1013 2820 arvis

201 2856 413 2924 Thessalicis
433 2861 526 2939 olim,
541 2861 598 2926 vel
611 2865 736 2928 nostris
752 2864 871 2947 Scipio
887 2866 983 2930 terris

201 2966 371 3054 Vicisset)
391 2991 445 3034 me
456 2971 531 3055 jam
546 2973 721 3055 captivum
737 2973 852 3040 Romo
865 2976 1005 3054 videbit,

203 3076 315 3161 Regia
329 3081 537 3162 praebentem
548 3082 691 3148 ridenda
706 3083 899 3164 Quiritibus
914 3107 975 3154 ora

202 3188 293 3254 Ante
310 3190 553 3274 triurnphantes
569 3196 697 3271 dumus,
710 3200 748 3260 ut
762 3196 856 3262 victa
869 3197 1040 3282 Syphacis

202 3298 317 3384 Atque
337 3301 486 3366 catenati
501 3307 675 3368 traxerunt
686 3306 778 3372 oolla
790 3306 813 3372 J
816 3308 979 3390 ugorthae.

206 3409 283 3476 Nec
299 3410 322 3475 J
323 3413 392 3475 uba
406 3412 594 3492 ridendum,
610 3435 673 3480 neo
690 3417 753 3484 erit
767 3419 959 3486 miserabile
968 3439 1097 3486 nomen
1219 3407 1223 3417 ¹

204 3519 384 3587 Caesareis,
396 3543 465 3587 non
480 3525 586 3590 corda
599 3526 693 3605 mihi,
709 3547 779 3594 non
793 3531 873 3610 telo,
888 3551 1052 3598 manusve

204 3631 375 3698 Adlatum
391 3635 532 3701 desunt:
555 3639 617 3704 scd
628 3645 672 3716 te,
690 3639 835 3720 Petreio,
855 3659 1023 3727 supremoe

204 3742 413 3829 Participem
427 3745 520 3812 saoio
531 3749 645 3828 famae,
660 3753 846 3838 mortisque
861 3755 1010 3824 decorae.

205 3854 321 3920 Causa
335 3877 413 3920 reos
429 3859 549 3922 eadem
560 3860 687 3943 junxit,
703 3864 906 3950 fortunaque
921 3868 1053 3950 victos;

205 3963 308 4029 Nunc
321 3967 441 4032 cadem
456 3969 563 4034 virtus
578 3973 760 4038 morientes
770 3975 894 4060 jrmgat
908 3985 1083 4064 utrosque.

205 4075 338 4158 Stringe
351 4099 477 4160 ensem,
493 4087 527 4146 ct
536 4103 670 4148 mecum
685 4088 811 4170 pariter
824 4111 915 4157 nuno
925 4097 1018 4158 utere
1029 4091 1168 4162 dextra

206 4183 412 4264 Quaeramus
423 4192 599 4273 pulchram
610 4217 672 4280 per
685 4203 803 4266 mutua
816 4202 958 4270 vulnera
971 4209 1129 4284 monem,

206 4295 251 4361 Et
264 4297 453 4366 libertatem
468 4303 569 4370 citius
580 4307 657 4390 quis
672 4309 776 4377 donet
790 4313 902 4380 amico
