2708 4866
195 305 297 416 eta
377 375 380 380 ·
499 349 990 422 surreeuuuruu

196 521 380 587 Caeduntur
395 523 541 588 cumulis·
552 525 694 608 passim,
704 524 902 610 jugulisque
916 527 1061 612 fatigant

195 629 374 702 Caesareos
388 633 494 712 solis;
516 653 580 698 nee
595 639 723 698 stantes
739 637 886 719 amplius
899 637 990 702 hosti

195 741 266 807 Hic
280 743 408 810 bellum
421 745 483 809 sed
497 745 616 828 preeda
630 747 777 810 manent.
798 747 977 812 hastilibus
991 751 1069 831 igue

195 851 334 918 Duratis
349 855 431 938 quid
447 855 605 921 Baruurae
616 855 690 940 jam
704 857 796 921 nuda
804 858 988 942 juventus?

194 961 287 1042 Quid
300 963 433 1040 levibus
448 969 567 1028 eontra
582 965 759 1030 Romanos
774 969 964 1034 comminus
979 970 1097 1034 hostes

191 1073 372 1140 Autololes
382 1074 536 1158 jaculisl
558 1075 607 1138 nil
622 1076 689 1138 illis
704 1075 805 1157 ignea
818 1079 945 1160 plantae

192 1182 257 1248 Vis
272 1185 421 1268 prodest,
438 1203 623 1267 cursusque
638 1185 706 1248 levi
720 1187 872 1251 velocior
886 1208 979 1254 aura.

193 1292 275 1358 Non
289 1295 375 1359 bene
391 1293 569 1378 Cyniphiis
581 1293 700 1358 hirsuti
716 1297 869 1378 tegmina·
879 1299 974 1382 capri

192 1404 339 1506 Peptora
353 1405 547 1470 defenduut.
570 1406 630 1470 vix
645 1413 764 1470 contra
778 1405 926 1472 Caesaris
941 1429 1041 1474 enses

193 1519 257 1582 AEs
271 1518 460 1600 ferrumque
474 1516 598 1580 valent.
621 1516 803 1600 implentur·
816 1518 978 1600 sanguine
992 1518 1113 1584 fosse

192 1629 322 1694 Moesta
335 1627 448 1692 madet
462 1626 574 1704 tellus,
590 1633 624 1691 et
638 1628 681 1690 de
696 1632 746 1691 tot
760 1627 917 1710 gentibus
930 1647 1018 1692 unus

191 1739 386 1824 Purpureus
402 1737 503 1802 caesis
519 1737 637 1802 infecit
651 1757 783 1820 pascua
796 1742 937 1802 torrens.

191 1851 273 1916 Non
286 1850 309 1915 J
311 1852 379 1916 uba
393 1870 453 1934 per
467 1854 592 1914 mortes
606 1849 790 1926 hominum,
804 1850 1005 1934 privateque
1020 1850 1103 1928 fata,

190 1964 259 2030 Sed
274 1969 390 2046 gentes
401 1963 526 2048 pariter
541 1981 663 2038 caesas,
679 1961 895 2045 populosque
904 1962 1061 2046 jacentes

47 2149 50 2156 ,
191 2074 330 2140 Metitur
344 2073 479 2157 quantis
493 2077 635 2156 pareunt
649 2072 716 2136 sibi
729 2091 832 2154 regna
846 2072 962 2138 minis.
1075 2095 1084 2106 ·

191 2183 267 2250 Nec
282 2204 346 2250 sua
358 2187 438 2268 post
451 2187 579 2270 tantm
594 2183 727 2248 cladem
742 2184 871 2248 munita
884 2184 1018 2268 putavit

188 2292 309 2360 Castra
323 2295 419 2369 satis,
433 2293 595 2358 miseram
604 2293 705 2358 victis
719 2301 879 2377 praestate
894 2295 1057 2374 salutem3

182 2405 260 2477 ,Sed
275 2424 352 2468 cum
367 2403 503 2468 Petreio
519 2403 652 2487 fugiens
667 2405 812 2470 tentoria
826 2406 957 2470 cunctis

188 2516 374 2600 Splendida
388 2515 517 2580 divitiis
530 2515 621 2580 hosti
637 2515 918 2599 permisit-avaro.

188 2628 276 2708 Quae
291 2628 360 2692 cito
377 2627 526 2692 Caesarei
540 2628 707 2695 victorum
722 2633 815 2708 terga
830 2633 1010 2710 sequentes

187 2739 371 2824 Diripiunt,
387 2739 577 2822 opibusque
591 2738 614 2802 J
616 2739 707 2814 ubae,
722 2737 891 2819 tantisque
907 2739 1006 2820 potiti

186 2850 359 2916 Bellorum
373 2849 519 2924 exuviis,
535 2867 675 2932 operum
688 2847 854 2923 mercede,
868 2847 1068 2930 priusquam

186 2962 450 3045 sanguinolenta
463 2959 528 3026 fuit
542 2961 686 3026 victoria
700 2959 813 3042 plena,
828 2957 994 3023 fruuntur*

227 3073 297 3138 Sed
311 3093 379 3138 non
394 3079 463 3138 tam
479 3071 580 3136 celeri
594 3071 720 3136 bellum
735 3089 798 3154 pro
815 3068 951 3136 Cessare
967 3090 1081 3146 eursu,

184 3184 264 3264 Qua
278 3185 386 3250 Latiis
402 3185 515 3248 stabat
527 3183 674 3250 vallatus
689 3183 809 3266 Scipio
824 3184 942 3248 onmis

182 3296 296 3379 Atque
312 3315 412 3378 pares
426 3294 550 3360 fulsere
565 3292 715 3376 Aquilae,
732 3293 883 3358 Fortuna
896 3293 1036 3376 peregit.

183 3406 254 3470 Hie
269 3406 398 3469 incerta
412 3405 471 3468 diu
480 3403 566 3469 varii
581 3403 674 3468 stetit
687 3403 764 3467 alea
778 3404 864 3468 belli·

183 3515 254 3582 Hic
268 3516 369 3581 haesit
383 3515 501 3592 satum,
516 3521 551 3580 et
564 3514 678 3580 dubiis
691 3513 836 3580 victoria
848 3515 969 3598 pennis

182 3628 274 3693 luter
287 3632 465 3710 utrumque
480 3646 601 3711 agmen
615 3627 692 3690 visa
706 3631 759 3690 est
772 3625 935 3706 volitore3
956 3627 1091 3711 repellit

180 3737 321 3804 Viribus
334 3737 410 3802 hoec
425 3737 640 3828 aciesviresj
663 3735 858 3818 alternaque
872 3730 1011 3800 dextras

180 3846 331 3913 Crimina
344 3847 463 3912 civiles
478 3847 628 3926 soedant3
651 3846 731 3912 dum
745 3845 895 3910 maxima
907 3853 1058 3930 regnaut
1168 3875 1172 3884 ·

180 3957 251 4023 Hic
267 3958 358 4035 odia,
374 3957 430 4022 hic
445 3956 580 4036 oaedes;
603 3956 735 4020 animos
749 3957 785 4020 in
798 3957 923 4040 proelia
936 3963 1099 4040 tanquam

179 4066 295 4134 Causa
308 4068 550 4149 malaaugeret
560 4085 577 4144 ;·
591 4070 753 4149 tantoque
768 4065 938 4132 ardentior
952 4068 1004 4130 ira

179 4181 258 4260 Quo
273 4177 440 4252 scelerata
451 4175 572 4258 magis.
595 4175 749 4242 dubitant
761 4177 1025 4242 ostenderesata
1071 4207 1073 4214 ⁴

178 4287 271 4368 Quid
283 4287 419 4354 tandem
434 4285 557 4354 Romae
570 4285 748 4352 fortunare
763 4286 911 4376 Gaesarm
926 4293 1027 4356 esset.
