2754 4866
585 63 822 258 ,Aa

276 321 528 390 crvlnls·
565 313 744 392 BELLI
788 325 1043 396 mavul.
1146 333 1214 400 aas

88 489 296 556 Permisere
311 487 390 565 sibi,
406 486 598 570 frustraque
613 485 767 552 attollere
782 492 871 562 terra
1167 459 1219 576 66

89 599 346 666 Semianimem
362 603 527 662 conentur
547 597 682 662 heram:
706 618 809 683 quam
823 604 966 683 pectore
978 600 1126 683 Magnus

89 711 232 788 Ambit,
249 717 284 776 et
299 711 458 774 astrictos
473 707 605 774 refovet
620 711 858 793 complexibus
874 717 979 776 murs.

92 823 267 906 Coeperat
281 823 316 886 in
332 839 501 890 summum
515 826 677 885 revocato
693 823 856 904 sanguine
873 842 999 908 corpus

94 933 262 1016 Pompeii
278 931 403 996 sentire
418 949 552 1007 manus,
568 938 794 1016 moestamque
810 934 921 1000 mariti

95 1043 215 1109 Posse
228 1043 303 1126 pati
318 1041 460 1106 faciem:
484 1041 642 1124 prohibet
656 1045 878 1136 succumbere
894 1044 974 1112 fatis
1169 1045 1213 1110 70

99 1153 266 1236 Magnus,
283 1159 317 1217 et
331 1152 535 1216 immodicos
552 1152 697 1234 castigat
710 1173 797 1218 voce
808 1153 954 1222 dolores,

145 1264 276 1330 Nobile
288 1283 352 1332 ,cnr
366 1264 469 1328 robur
485 1263 644 1328 Fortunae
660 1264 798 1332 vulnere
813 1266 935 1349 primo,

99 1377 258 1450 Femina,
275 1381 445 1442 tantorum
459 1375 567 1440 titulis
582 1375 725 1457 insignis
741 1397 894 1454 avorum,

98 1484 272 1569 Frangist
296 1486 418 1550 Habes
434 1485 563 1548 aditum
578 1489 787 1550 mensurata
803 1488 922 1552 secula
936 1487 1049 1566 samm,

101 1597 237 1660 landis
253 1597 288 1660 in
303 1595 368 1661 hoc
385 1615 484 1674 sexu,
500 1615 568 1660 non
583 1597 696 1678 legum
706 1599 797 1682 jura,
813 1619 877 1663 nec
893 1618 998 1676 arma,
1170 1598 1215 1664 75

101 1707 223 1774 Unica
238 1709 379 1772 materia
395 1713 448 1772 est
463 1708 592 1792 conjux
605 1709 719 1774 mirer.
735 1710 827 1792 erige
841 1714 999 1787 mentem,

103 1818 153 1888 Et
166 1825 227 1884 tua
242 1839 320 1884 cum
336 1819 416 1884 latis
432 1820 544 1903 pictas
560 1820 720 1898 decertet,
746 1825 780 1884 et
794 1821 919 1904 ipsum,

105 1928 214 2008 Quod
232 1949 308 1994 sum
327 1932 450 2008 victua,
466 1951 566 1996 ama:
589 1951 679 1996 nunc
696 1949 771 1996 sum
785 1931 849 1994 tibi
865 1930 974 2012 gloria
989 1927 1111 2013 major.

105 2037 141 2104 A
150 2061 206 2104 me
221 2041 314 2124 quod
330 2041 454 2120 fasces,
471 2047 505 2106 et
520 2042 614 2124 quod
629 2043 689 2125 pia
704 2041 803 2106 ttnba
817 2040 975 2117 Senatus,

104 2150 287 2236 Tantaque
303 2153 463 2218 discessit
476 2174 593 2236 regum
614 2171 755 2218 manus:
779 2152 893 2234 incipe
911 2149 1076 2232 Magnum
1171 2143 1214 2226 80

108 2261 195 2328 Sola
209 2264 319 2347 sequi.
342 2263 516 2342 deformis,
532 2265 644 2332 adhuc
660 2264 795 2328 vivente
814 2262 935 2328 marito

107 2373 282 2451 Summus,
297 2381 332 2439 et
346 2376 463 2458 augeri
474 2375 600 2440 vetitus
616 2374 731 2438 dolor:
754 2373 875 2436 ultima
887 2371 989 2439 debet

176 2509 209 2554 66
224 2523 318 2568 copore.
384 2508 509 2571 ibaeque.
587 2511 618 2555 77
636 2507 745 2553 ἀέκοντα.
822 2507 855 2553 78
872 2519 931 2550 narn.
1009 2507 1039 2551 81
1056 2505 1144 2556 otae.

111 2633 157 2665 non
167 2617 294 2680 permisere
305 2619 350 2667 sibi
367 2620 473 2667 ineussre
484 2621 653 2668 inclementiam
678 2621 792 2667 niomium
800 2629 894 2682 ternpore
905 2620 979 2667 hodie
989 2619 1060 2668 habet.

111 2683 210 2731 latorum
219 2685 280 2731 ultra
288 2685 371 2732 taeitos
381 2693 484 2746 questus,
494 2687 653 2742 bocest,tem-
711 2685 751 2732 75.
771 2683 821 2731 Non
832 2685 979 2749 tegum'y'ure,
995 2684 1051 2747 duc]
1070 2685 1161 2734 Etenim
1174 2687 1216 2733 ml-

112 2755 252 2809 penserunt
263 2749 307 2796 sibi
319 2751 404 2810 eJolatu
415 2757 438 2796 et
449 2750 654 2796 vociferationibus
679 2765 717 2795 ser
727 2749 823 2796 meritus
834 2759 870 2796 est
882 2751 950 2797 uxori
963 2765 1010 2796 sue
1023 2750 1093 2806 lideli,
1101 2751 1124 2797 in
1136 2751 1217 2800 adver·

113 2815 275 2868 lamentorum,
287 2813 424 2874 Pompeium
438 2813 488 2860 scil.
500 2815 614 2871 reveritur,
630 2821 654 2861 et
680 2813 712 2859 sis
725 2813 801 2860 leudis
812 2815 922 2872 materian
938 2810 1006 2874 quam
1018 2829 1063 2861 non
1074 2816 1096 2861 in
1109 2815 1216 2864 adminis-

112 2893 141 2926 ne
150 2880 211 2926 bere
223 2879 326 2926 dolorem
339 2878 498 2925 accenderent.
679 2878 776 2926 tratione
789 2886 874 2938 togata,
890 2887 930 2926 eut
946 2879 969 2924 iu
983 2881 1036 2939 jure
1046 2879 1162 2937 dicendo;
1176 2895 1218 2927 nee

146 2946 186 2994 66.
204 2943 296 2990 Pectore
309 2941 428 3006 Magum]
446 2943 605 3004 Amplexetur.
679 2943 703 2989 in
715 2943 799 2990 mediis
815 2945 893 2997 umis,
911 2943 1066 3003 consequeris.
1085 2943 1152 2992 Hort.

147 3011 188 3058 68.
205 3007 236 3054 lu
253 3023 370 3058 nummum,
387 3006 443 3068 bru]
468 3007 505 3054 td
521 3025 546 3054 se
563 3009 655 3066 redire3
712 3011 752 3055 77.
771 3007 801 3053 Et
816 3016 856 3053 tun
872 3023 923 3053 cum
935 3005 997 3070 jutis
1013 3009 1093 3067 pietur,
1110 3007 1167 3068 dte]
1191 3007 1216 3054 si

115 3073 235 3134 unguine,
246 3072 286 3133 qui
300 3072 324 3118 in
341 3072 461 3132 repentine
471 3073 654 3120 consternatione
679 3073 726 3118 lata
749 3072 881 3132 dejecerunt
900 3088 913 3117 e
932 3071 1032 3118 culmine
1048 3073 1129 3133 glorie
1149 3075 1217 3120 Pom-

116 3139 147 3183 rd
158 3153 198 3185 eor
208 3139 342 3192 adureret,
354 3152 378 3182 se
388 3139 435 3196 jam
447 3137 578 3185 remittente
587 3145 654 3198 atque
680 3137 756 3196 poium
768 3151 774 3192 3
791 3141 815 3180 tu
828 3142 913 3190 contra,
925 3151 970 3195 qur
984 3143 1052 3196 potes
1062 3137 1149 3198 pietate
1165 3153 1216 3185 enm

116 3202 140 3248 in
150 3209 264 3250 extremes
273 3211 351 3260 partes
362 3203 500 3249 effundente.
680 3201 759 3260 adjuta
770 3200 794 3244 in
805 3199 897 3246 alllictis
907 3201 985 3254 rebus,
996 3201 1056 3249 unde
1064 3201 1160 3248 materia
1170 3203 1218 3248 lau-

148 3267 189 3313 70.
214 3264 322 3327 facien]
352 3267 512 3327 Adspectum3
537 3269 566 3314 ed
587 3281 654 3327 quem
681 3265 718 3310 dis
730 3264 772 3310 tibi
783 3264 890 3326 apposita
900 3271 943 3311 est.
964 3264 1069 3313 Horteus.
1173 3313 1177 3322 ,

116 3328 181 3390 prius
193 3330 444 3378 exanimisdeeltleret.
460 3331 604 3379 Snemmbere
612 3331 655 3395 Ji·
713 3332 753 3376 78.
772 3328 838 3382 Quod
848 3343 897 3374 sum
915 3330 994 3386 cistris,
1011 3329 1081 3392 omn]
1099 3329 1171 3388 Quasi
1183 3330 1218 3376 di·

117 3395 165 3457 tir.]
182 3395 272 3442 Cedere
284 3396 388 3442 adverse
400 3396 504 3442 fortune.
680 3403 726 3452 eat,
742 3393 816 3440 multo
832 3394 906 3454 magis
926 3394 969 3440 tibi
982 3393 1005 3440 in
1021 3396 1118 3442 adversa
1129 3397 1219 3443 fortuna

151 3461 189 3506 77.
208 3458 286 3506 Nobile
306 3475 349 3504 cur
370 3460 445 3514 robur,
465 3457 521 3521 dte]
550 3459 655 3520 Pompeii
681 3475 731 3506 rum
743 3459 860 3514 arnuldus,
877 3475 945 3519 quarn
958 3459 981 3505 in
998 3461 1111 3506 monada:
1129 3463 1221 3508 utami-

118 3525 191 3570 orrtio
207 3523 359 3570 consolatorie
373 3532 418 3576 est,
436 3525 589 3583 qualmetum
608 3524 656 3569 ani·
681 3539 723 3570 eus
743 3530 820 3570 certus
843 3523 867 3570 in
889 3539 915 3571 re
936 3523 1024 3570 ineerta
1042 3524 1160 3574 corruitur:
1187 3525 1221 3572 ita

119 3603 179 3636 muro
196 3589 301 3634 adversis
317 3589 371 3634 latis
389 3588 466 3634 meriti
482 3587 621 3642 consolator,
633 3595 657 3634 et
681 3589 754 3634 multo
765 3589 838 3650 magis
846 3589 886 3650 pia
896 3595 920 3637 et
930 3591 991 3638 bonu
1000 3605 1062 3637 uror
1073 3589 1096 3636 in
1108 3590 1219 3638 tristibus.

117 3653 208 3713 quidem
218 3653 456 3714 :maceriensibus
464 3653 486 3698 in
495 3653 603 3714 prasenti
615 3667 657 3714 pu-
684 3651 786 3698 Horteur.

119 3725 171 3773 tert,
182 3719 367 3765 accommodetis.
386 3718 456 3766 Initio
468 3724 545 3778 captat
558 3720 657 3764 benevo·
714 3719 755 3765 79.
773 3717 793 3763 Α
808 3733 842 3764 me
853 3719 999 3784 quodsurcer,
1016 3720 1073 3782 dra]
1091 3719 1143 3766 Erit
1159 3721 1219 3768 enirn

120 3781 211 3829 lentiam
224 3782 359 3843 adignitrte
371 3783 471 3845 genens,
485 3798 589 3843 perronio
601 3785 658 3828 Gor·
683 3781 733 3830 veri
743 3783 827 3829 amoris
841 3783 1016 3844 argumentum
1033 3793 1056 3832 et
1076 3801 1120 3831 nou
1137 3793 1160 3832 te
1176 3785 1220 3832 viri

121 3845 195 3904 ustie,
214 3855 276 3893 tecte
299 3847 366 3894 simul
389 3863 439 3894 eam
461 3849 567 3894 incussus
592 3846 658 3893 tracti
684 3849 1220 3911 muosselortunam3sedvirumipsum,qnem

119 3911 193 3958 animi.
212 3911 318 3962 Hor-teus.
336 3911 435 3977 Roboa]
454 3913 530 3960 Animi
543 3911 659 3958 fortitudi-
684 3914 713 3958 ab
725 3911 777 3958 aliis
789 3913 904 3959 desertum
915 3913 1024 3973 sequaris.
1042 3913 1122 3974 Sulpit.
1266 3949 1268 3954 .

119 3991 176 4024 nen.
196 3976 293 4038 Ratun]
311 3977 387 4023 Animi
400 3977 536 4024 firmitatem.
718 3980 757 4022 tlt.
776 3977 894 4041 inrrmis,
906 3977 962 4040 bie]
976 3978 1045 4026 Haud
1054 3979 1123 4026 decet
1134 3979 1221 4040 impen-

151 4043 190 4089 73.
209 4042 328 4105 deorum]
347 4042 490 4101 Scipionum.
685 4041 741 4089 dere
752 4042 806 4088 vivo
823 4045 913 4098 marito,
929 4044 1025 4104 perinde
1043 4051 1112 4104 atque
1130 4044 1220 4090 correla-

152 4108 190 4152 74.
210 4105 286 4152 Habes
300 4107 396 4162 witam,
413 4106 469 4168 be]
494 4106 599 4166 Contigit
616 4107 659 4154 tibi
685 4115 747 4152 mato
764 4115 788 4154 et
809 4115 908 4165 mortno,
924 4109 1029 4155 dolorem
1049 4114 1177 4155 extremum
1198 4115 1221 4154 et

123 4185 187 4232 seges
199 4177 224 4216 et
233 4170 427 4217 materianternsc
440 4180 463 4217 et
474 4187 567 4218 sumnrae
578 4172 660 4228 lendis,
686 4171 723 4219 cui
735 4172 791 4219 nibil
807 4173 862 4219 addi
881 4181 958 4234 potest
966 4189 972 4230 ;
989 4190 1018 4220 ne
1038 4173 1131 4219 videare
1149 4173 1220 4220 vitam

123 4235 296 4296 qmmloemiuis
308 4235 417 4294 consequi
428 4236 503 4282 datur.
515 4237 660 4294 nequeenim
686 4253 751 4297 teque
763 4253 790 4284 ae
798 4245 894 4284 mortem
903 4237 990 4298 lugere.

122 4299 265 4346 laminarum
276 4299 351 4360 glorie
360 4307 396 4346 est
404 4301 442 4357 jus
454 4301 661 4353 dissereremus
721 4305 760 4348 82.
780 4299 864 4348 Ultima
882 4301 950 4354 eom.
966 4299 1024 4362 dic]
1042 4299 1155 4350 llltimrm
1167 4317 1221 4350 eon·

122 4364 193 4425 terre5
212 4365 254 4413 sed
273 4363 331 4414 fides
351 4365 440 4414 maritis
462 4365 574 4427 praestito,
595 4363 661 4412 trau
683 4367 769 4425 jugalis
781 4365 833 4411 tuat
845 4365 1081 4412 officiumertluetnr.
