2708 4866
370 406 610 476 nucum.
646 409 756 480 uls.
793 409 861 501 ur.
967 372 970 381 ’

50 578 221 658 Caesurei,
238 587 273 647 et
286 585 381 648 tento
396 585 550 646 saturum
564 582 736 650 crudelius
750 583 820 648 irus
940 613 943 624 Α

49 688 230 768 Victores,
246 696 374 777 quunto
389 691 469 774 plus
483 691 595 756 tristis
608 693 701 758 belle
714 693 880 759 timebant

48 799 143 867 Ante
160 791 264 868 tubus
279 803 417 868 dudum.
432 823 496 868 nec
507 803 581 888 jem
596 801 804 883 fugientibus
818 801 922 870 ullam

47 909 192 978 VicInae
208 914 360 988 latebrae,
376 913 431 978 vel
447 912 660 996 Pompeiane
674 915 818 980 sulutem

49 1021 179 1088 Gestru
193 1024 321 1090 dubunt
334 1025 479 1101 mitteris,
495 1024 669 1090 infimove
683 1023 812 1089 moenis
827 1021 980 1090 Mundm.
1040 1085 1052 1100 ,
1118 1017 1126 1026 ”

49 1129 147 1196 Num
162 1134 232 1198 cito
248 1134 411 1216 diripiunt
425 1135 574 1199 victores
590 1139 723 1211 cestre3
746 1133 882 1216 citaque

49 1227 98 1306 Vi
115 1243 285 1308 Mundum
302 1251 518 1328 expugnantt
541 1243 621 1310 dum
634 1242 744 1327 (quod
758 1243 819 1308 vix
833 1243 905 1308 ullu
918 1243 1078 1312 tacebunt

49 1353 204 1432 Saecule,
221 1355 276 1418 vel
291 1347 429 1422 credent
441 1353 576 1440 forsan)
589 1373 652 1437 pro
668 1353 800 1436 cespite
812 1353 926 1420 fossus
1035 1417 1039 1432 ,

48 1461 263 1550 Corporibus
280 1467 466 1551 complent,
479 1467 676 1548 faciuntque
693 1461 867 1528 cadevera
877 1482 1005 1530 muros.

91 1575 174 1641 Nec
190 1578 301 1641 solum
317 1585 395 1643 unte
410 1578 522 1654 tubus,
538 1575 599 1642 sed
614 1579 696 1658 post
707 1573 784 1640 baec
799 1574 921 1656 praelia
934 1574 1040 1644 tristi!

49 1685 172 1752 Caesur
187 1695 276 1768 eret3
300 1690 418 1772 quanti
432 1687 579 1754 victorie
591 1685 744 1751 constitit
755 1684 828 1762 illu,

49 1797 94 1862 Et
108 1819 215 1882 quem
229 1805 354 1866 moestu
368 1801 434 1864 stet
448 1799 542 1866 civiti
558 1795 668 1880 glorie
678 1795 770 1860 bello
836 1825 838 1834 =

48 1905 134 1971 Sero
151 1910 302 1974 animum
316 1911 432 1974 subiit.
455 1911 589 1974 misereo
604 1926 694 1972 nunc
709 1905 849 1970 vulnera
864 1903 1000 1982 Rome,
1020 1961 1023 1970 ,

49 2015 155 2081 Nunc
169 2037 244 2096 sus,
260 2018 480 2102 Victorisque
494 2017 592 2082 netes
607 2015 746 2080 crudele
757 2019 922 2092 recenset,
940 2095 951 2106 „

48 2125 288 2210 Invidiamque
304 2131 426 2208 simul3
448 2127 623 2194 vtetriccm
636 2144 743 2208 pecus
758 2130 899 2190 coactus

49 2233 236 2300 Fortunam
252 2238 411 2316 damnare
426 2237 547 2316 suum
568 2255 647 2320 qum
663 2235 760 2302 clude
773 2235 981 2320 triumphum

49 2343 182 2422 Obruit,
198 2353 232 2411 et
245 2353 340 2412 tento
354 2350 528 2414 mersisset
542 2347 707 2428 sunguine
723 2344 866 2412 Inuros.

48 2453 149 2520 Tutia
164 2435 246 2520 dum
260 2463 384 2522 moesto
398 2457 560 2523 volvebat
573 2461 712 2541 pectore
728 2453 858 2532 Caesur,

50 2562 210 2649 Pompeii
226 2573 330 2651 caput
344 2568 536 2632 abscissum
551 2565 724 2632 Cenomus
737 2564 844 2630 effert.

49 2673 207 2757 Ingemit,
222 2683 257 2742 et
270 2683 374 2742 tuntae
388 2679 549 2761 lucryrnIs
563 2677 720 2760 agnoscit
734 2677 865 2744 obortis

49 2784 136 2852 Futu
150 2788 292 2872 domus;
315 2789 421 2853 subiit
432 2788 548 2870 magni
561 2786 735 2852 Genitoris
749 2787 876 2868 imago,

48 2894 161 2982 Atque
176 2899 384 2984 AEgyptiuco
396 2898 626 2964 miserendum
640 2899 676 2962 in
689 2897 802 2964 littore
822 2897 934 2964 sumus.

48 3004 223 3084 Quaerenti
238 3009 346 3072 tetum
356 3009 493 3092 juvenis
509 3007 682 3074 Conscius
697 3010 789 3074 infit:

48 3115 132 3182 Cum
148 3119 251 3183 modo
267 3119 455 3202 Pompeius
471 3118 612 3189 Mmdoe
627 3119 763 3186 fimeete
777 3139 838 3203 per
851 3137 934 3188 urvu

47 3225 113 3292 Tot
127 3231 251 3312 stragis
266 3229 434 3307 cmnulos,
448 3234 500 3294 tot
515 3249 661 3314 corpore
674 3249 770 3296 caess
783 3250 922 3299 suorum

49 3334 173 3403 [nseIIx
187 3339 283 3415 vidit,
300 3357 366 3404 nec
376 3339 453 3424 'jum
464 3340 656 3424 'reparabile
675 3340 847 3418 damnum,

48 3444 178 3514 Vectus
191 3468 281 3534 equo
296 3449 399 3514 celeri
415 3448 560 3516 Garteiae
576 3449 622 3516 ed
636 3449 751 3516 littore
764 3450 862 3532 sugit,

50 3554 94 3621 Ut
107 3565 242 3642 portum
255 3566 378 3626 nectus
391 3567 522 3638 notum,
538 3561 619 3626 dere
634 3561 780 3630 'curbam
791 3561 904 3628 sentis

49 3663 190 3752 Posset;
213 3675 248 3734 et
262 3671 562 3748 infidis-sumbus,
576 3677 779 3756 nostrosque
801 3679 995 3756 sequentes,

50 3775 176 3845 littore
190 3781 479 3857 desenritmrsus,
496 3780 696 3865 sylvsmque
710 3783 939 3867 propinquum

50 3886 187 3956 Consilii
203 3893 351 3958 incertus
365 3893 475 3976 petiit.
497 3907 563 3955 nos
577 3897 672 3976 terge
690 3893 802 3958 secuti

50 3997 228 4081 Instemus,
244 4004 447 4087 sylvemque'
459 4003 571 4068 oculis
584 4008 777 4070 scmtsmur
790 4023 960 4088 opccem3

50 4107 313 4198 Qumrentesque
329 4115 388 4179 diu
402 4115 538 4193 frustrs,
554 4114 618 4180 sub
634 4115 779 4196 tegmine
794 4116 867 4198 fugi

50 4219 224 4291 Umbrosae
239 4225 578 4302 tandemdeIesM,
588 4225 778 4290 eunium
793 4224 960 4292 eundum·

51 4329 248 4419 Pompeium
263 4337 452 4421 aspicimus
465 4336 588 4414 solum,
602 4334 705 4421 (preb
718 4335 831 4401 trum
839 4335 951 4402 sortis.

52 4439 215 4514 Humauae
237 4449 393 4534 specula,
410 4455 444 4513 et
458 4465 595 4532 pompm
611 4445 818 4511 documenta
835 4446 978 4512 ceducae
990 4443 1016 4528 !)
