2756 4896
188 354 286 486 so
492 399 1021 482 supernumque.

187 594 258 658 Hic
272 589 379 677 Troju
394 587 754 673 antiquu,-··et'-Veneris
770 585 979 673 Phrygiique
995 587 1155 658 ildentrii
1199 589 1206 602 '
1241 595 1248 604 '
1279 597 1284 610 '

187 703 350 768 Anchiseo
365 701 515 777 thalami,
532 699 951 783 deeontemm‘qus‘Roetis
1010 719 1015 744 ·-

177 797 790 898 frondescitnemoslldeum,1quod
806 811 1023 880 debuit-olim
1039 815 1041 818 ’
1090 829 1105 855 ²·

184 923 346 1001 Vatibus,
360 923 416 990 hic
431 923 534 1003 tontis
549 923 677 988 debens
693 917 882 1005 pictoribus
898 921 974 990 Idea
1088 941 1093 978 ῑ
1148 943 1167 950 ··

185 1038 257 1102 Hic
272 1043 367 1101 torus
380 1034 515 1116 exurgit
529 1019 653 1109 mollis,
670 1023 894 1115 quem'moter
908 1027 1073 1101 Amorum

185 1147 388 1231 Progeniem
401 1145 509 1222 terris,
525 1131 706 1226 tantosque
721 1143 843 1206 daturo
855 1149 1003 1227 nepotes
1032 1190 1035 1198 ι

184 1258 270 1324 Cum
280 1237 407 1342 juvene
423 1237 576 1320 Anchisa
591 1245 898 1337 qnondam'Venus
914 1273 1018 1320 auree
1032 1261 1172 1340 pressit,

183 1369 478 1450 Concubitumque
493 1363 641 1430 hominis
656 1361 884 1446 puloherrima
897 1359 1004 1448 pesse
1019 1347 1173 1436 Deorum
1190 1379 1261 1438 est,

185 1482 313 1545 AEneos
323 1473 426 1566 juxto
441 1475 587 1540 Soboles
602 1479 680 1552 stet,
695 1481 840 1556 'corpore
854 1467 934 1542 tulis

185 1592 362 1665 Formoso,
378 1585 490 1670 quolis
503 1603 640 1669 semper
654 1579 953 1672 florente'juvento'

164 1681 167 1689 ’
184 1699 326 1766 Exultat
340 1697 514 1762 Phoebus:
538 1695 684 1760 frenata
699 1684 909 1780 uirt'Tigride
925 1701 1048 1783 qualis·

181 1809 341 1876 Bacchus
356 1808 507 1873 odoratis
524 1809 623 1872 curru
638 1805 817 1872 deseendit
830 1809 874 1872 eb
884 1808 1006 1876 indis:
1070 1831 1073 1838 ·

182 1921 306 1987 Troius
322 1913 463 1998 AEneos‚
479 1919 535 1984 cui
550 1915 799 1984 tontum'Muso
811 1919 967 1986 Maronis
1026 1965 1035 1972 -

184 2032 336 2098 Donavit
350 2030 435 2096 felix
449 2031 575 2096 famum
589 2049 651 2114 per
666 2031 806 2109 saeculo,
822 2039 985 2115 quantam

184 2141 357 2208 Maeonius
372 2141 478 2217 Graio
493 2141 590 2206 vetes
605 2141 792 2224 praestabat
806 2141 946 2208 Achilli.

184 2253 261 2318 Illic
277 2254 413 2317 eximite
429 2251 505 2318 visu
520 2256 572 2316 est
587 2252 725 2335 pietatis
740 2252 865 2335 imago,

184 2361 271 2428 Cum
285 2365 396 2428 bonus
412 2363 552 2440 AEneus,
563 2361 674 2445 Trojo
688 2367 861 2445 pereunte,
876 2371 1050 2448 parentem
1074 2381 1078 2391 ’

182 2475 413 2541 Grandaemm
425 2475 586 2540 attollens
600 2473 760 2550 humeris,
776 2491 837 2556 per
844 2475 1008 2560 tntisper
1020 2478 1119 2561 ignes

184 2583 342 2650 Hostiles
357 2585 480 2670 rapuit.
503 2605 572 2650 non
587 2584 637 2648 illi
653 2585 898 2651 Laomedontis

181 2691 321 2762 Arsurm
337 2699 494 2759 curentur
508 2713 605 2778 opes,
621 2713 690 2758 non
704 2693 800 2762 fulvo
815 2697 985 2780 supellex,

184 2803 259 2871 Nec
275 2825 404 2890 spersae
420 2803 552 2888 passim
567 2825 628 2888 per
642 2809 737 2870 tanta
754 2806 914 2873 incendio
930 2827 1045 2890 geres:

183 2916 251 2982 Sed
266 2916 419 2994 Genitor,
437 2915 644 3000 Phrygiique
658 2915 758 3001 lares
774 2923 809 2982 et
822 2917 922 2984 seori
938 2919 1102 2989 Deorum.

183 3023 280 3092 Pone
293 3032 423 3112 putrem
439 3027 591 3111 sequitur
605 3027 725 3091 fortem
740 3027 911 3094 formosus
926 3029 1034 3108 Iulus,

182 3137 282 3203 Unde
298 3159 404 3222 genus
418 3133 609 3222 nomenque
625 3139 726 3202 situm
740 3151 823 3220 gens
838 3137 861 3203 J
862 3141 933 3204 ulia
948 3141 1058 3206 duxit.

182 3249 344 3314 Condidit
357 3251 413 3314 hie
429 3249 555 3314 Albam
569 3249 717 3332 longam,
732 3231 926 3336 multosque
939 3271 1001 3336 per
1016 3243 1126 3318 annos

181 3359 330 3444 Imperio
343 3361 441 3425 rexit.
464 3358 567 3444 longo
584 3357 706 3425 dehinc
722 3343 839 3428 ordine
855 3363 940 3447 picti

181 3468 267 3536 Post
282 3473 426 3556 primurn
441 3470 567 3536 Albani
582 3469 698 3554 Reges
709 3453 940 3539 'monstrantur
953 3463 1080 3542 Iulum.

181 3583 303 3648 Donec
320 3583 451 3648 Iuleam
466 3581 587 3670 Tullus
603 3581 683 3648 Rex
698 3583 801 3649 diruit
815 3583 953 3664 Album,

180 3693 367 3758 ll'rnnstulit
381 3700 415 3758 et
431 3693 552 3784 Romee
570 3695 675 3759 cives
698 3694 776 3761 hinc
793 3697 911 3762 ordine
925 3717 1042 3764 rrrrsus

180 3801 295 3886 Reges
309 3809 412 3888 utque
428 3803 546 3868 Duces
562 3803 668 3885 baurg
681 3803 906 3892 Romanaque
921 3809 994 3876 luta

179 3911 299 3999 Usque
313 3915 357 3980 ad
374 3914 524 3982 Cessarei
539 3923 766 3983 monstrentur
780 3923 934 4004 tempora
947 3923 1053 4005 regni,

177 4023 277 4106 Quos
292 4033 391 4092 vetus
405 4026 499 4092 ‘Alba
513 4027 632 4092 iterum
649 4027 795 4094 Romam
810 4031 938 4097 vicisse
952 4033 1098 4100 videtin.

219 4137 360 4203 Robore
376 4139 437 4203 sed
453 4137 609 4221 quamvis
624 4139 754 4205 munite
768 4143 923 4225 potentio
937 4149 1044 4222 tento,

175 4247 338 4326 Gesseris,
354 4255 388 4314 et
402 4249 522 4336 populi
537 4251 662 4334 plausu
677 4251 809 4325 firmata
823 4237 957 4319 videtur
972 4276 980 4320 :

176 4359 286 4427 Nutet
299 4359 422 4440 adhue,
438 4367 472 4427 et
487 4361 565 4447 plus
579 4363 677 4429 terris
693 4363 863 4448 quatietur
877 4365 993 4432 Iberis
