2708 4866
192 375 257 442 aso
397 342 404 360 '
503 374 1005 447 surrnnunuuuu

192 549 326 616 Rursus
340 550 375 614 in
389 567 483 614 arma
498 549 609 629 viros;
633 549 695 613 sed
709 554 910 636 tempestate
925 555 1086 638 repulsus

192 661 234 726 In
249 666 383 746 portum
394 659 571 745 Hipponis
585 659 726 725 vehitur.
738 681 776 726 se
788 661 908 746 Scipio
922 665 1025 745 sentit

191 771 278 838 Cum
290 791 378 838 aare
393 772 571 852 amissum
593 791 657 836 nec
673 779 807 856 portum
822 773 967 840 evadere
974 782 1079 842 vento

191 882 363 968 Opposito
381 882 489 948 licuit.
512 882 607 947 clara
620 887 691 948 tum
710 901 796 948 voce
819 883 971 950 dolorem
1008 891 1015 900 “

188 993 349 1060 Testatus
364 993 508 1058 clamat:
532 993 742 1077 pelagusque
761 994 917 1078 ipsaeque
938 997 1117 1078 procellae,

190 1103 234 1168 Et
249 1103 416 1188 conjurati
431 1109 583 1187 pugnant
597 1123 660 1187 pro
672 1101 810 1170 Caesare
824 1105 927 1170 venti.

190 1215 245 1280 Oh
259 1217 387 1281 utinam
402 1215 542 1300 Thapso
554 1215 768 1293 cecidissem,
784 1221 896 1298 strage
910 1217 1060 1283 virorum

190 1326 335 1407 Mistus3
357 1330 527 1392 nectente
543 1325 732 1409 placuisset
745 1326 818 1390 vita
831 1331 1005 1410 superstes

189 1437 350 1522 Imperio,
371 1435 520 1522 (Ductor
531 1455 663 1500 summo
675 1435 854 1502 Romanus
863 1436 991 1501 bonore

188 1546 246 1613 Ad
265 1547 402 1630 Stygias
418 1547 588 1612 venissem
602 1543 742 1632 undae)
763 1551 822 1610 aut
832 1550 910 1611 ante
925 1547 1062 1612 tulisset

190 1659 293 1725 Hane
308 1653 397 1724 male
412 1662 583 1722 servatam
597 1656 713 1741 potius
728 1655 908 1722 Pharsalia
922 1657 1028 1724 vitam

190 1771 303 1852 Quam
317 1769 459 1854 Thapso
475 1769 594 1834 infelix
617 1767 792 1836 duxissem
807 1769 899 1835 bella
913 1770 1073 1848 Senatus,

188 1883 338 1968 Ultaque
360 1881 557 1966 Scipiadam
579 1881 725 1948 vidisses
744 1879 864 1948 Africa
877 1882 1017 1948 rictum.

187 1993 264 2062 Vos
276 1995 378 2060 clarae
393 1994 561 2079 majorum
576 1993 711 2072 ammae,
734 2013 823 2078 quos
838 1991 958 2059 Africa
972 1993 1082 2058 sensit

187 2108 290 2192 Saepe
300 2106 556 2190 triumphantes,
567 2111 604 2170 ut
616 2125 694 2171 cum
706 2103 920 2188 Carthaginis
935 2105 1013 2170 altae

187 2217 347 2296 Excidio,
368 2223 557 2302 captusque
578 2216 732 2300 Syphax,
748 2217 909 2302 claraque
930 2216 1070 2300 fugatus

188 2329 365 2394 Hannibal
381 2349 426 2393 ex
441 2329 517 2393 acie
531 2333 709 2405 testantiu,
725 2328 798 2393 fata
812 2327 962 2412 Nepotis

188 2439 244 2506 Ne
258 2441 387 2526 pudeat
397 2442 513 2517 vestri,
529 2440 789 2524 miserandaque
798 2441 892 2506 bella
905 2441 1032 2506 videre.

188 2553 280 2620 Nam
293 2572 404 2636 neque
419 2572 474 2616 me
489 2551 597 2634 libye
610 2551 713 2616 vicit:
736 2552 798 2616 sed
813 2551 942 2616 viribus
956 2553 1035 2636 ipsa

187 2665 396 2750 Scipiadam,
413 2683 558 2746 seseque
573 2665 646 2726 suis
660 2663 716 2727 bic
732 2661 846 2726 Roma
860 2662 1003 2744 subegit.

188 2775 275 2842 Cum
289 2775 401 2860 patria
416 2795 438 2838 a
457 2774 568 2858 patria
581 2774 712 2852 vincor,
726 2774 919 2867 moriorque
935 2772 1080 2838 cadente

35 2929 52 2954 .
186 2887 357 2952 Libertate
372 2885 494 2949 libens.
509 2883 632 2948 misere
647 2884 736 2950 bunc
753 2885 904 2950 Numina
917 2891 1055 2950 ventum

187 2997 390 3074 Adversum,
405 3002 444 3062 ut
457 3015 614 3072 morerer,
630 3015 672 3060 ne
688 3015 750 3078 spe
766 2995 905 3060 delusus
920 2996 1013 3060 inani

186 3108 349 3192 Optarem
363 3106 480 3171 forsan
494 3109 589 3170 tanto
604 3125 784 3189 superesse
800 3106 922 3171 dolori.

187 3218 366 3303 Hispanas
381 3217 500 3282 iterum
515 3215 674 3280 Remea
689 3215 734 3280 ad
748 3217 869 3299 praelia
884 3223 1000 3299 gentes

187 3326 345 3412 Pompeii
361 3331 485 3410 cogant
494 3326 652 3410 juvenes,
667 3327 827 3412 legesque
842 3329 1024 3411 requirant,

186 3439 231 3504 Et
244 3441 432 3504 libertates:
456 3459 534 3503 mea
547 3443 628 3503 tunc
643 3437 779 3520 fortuna
792 3445 934 3522 peracta
947 3446 1010 3506 est.

186 3550 230 3616 Et
241 3570 436 3635 quanquam
450 3550 525 3614 baec
542 3555 673 3614 armata
686 3569 807 3615 manns
823 3553 1002 3617 testabitur
1017 3553 1093 3618 orbi

187 3661 247 3727 Me
261 3669 349 3727 terra
363 3663 518 3746 potuisse
533 3661 639 3726 mori:
662 3661 778 3745 placet
792 3681 930 3746 aequore
945 3664 1063 3746 mergi,

186 3774 412 3857 Ignotumque
427 3773 497 3838 illic
514 3775 615 3838 lunas
630 3793 692 3857 per
707 3776 814 3842 saecla
827 3795 974 3842 manere.

185 3885 240 3950 Ob
252 3905 427 3969 nunquam
442 3886 557 3978 veniat
566 3885 703 3952 fluitans
715 3887 760 3952 ad
773 3887 890 3961 littora
902 3893 1053 3966 nonem,

185 3997 241 4064 Ne
257 3997 389 4081 Libyca
404 3997 569 4062 condatur
582 3997 684 4062 humo
700 4018 709 4078 ;
731 3998 882 4080 victique
897 3997 1019 4062 suturis

184 4107 358 4194 Scipiadae
374 4112 542 4173 ostentent
555 4115 773 4174 monumenta
786 4110 969 4193 nepotibus
984 4107 1062 4174 Afri

182 4219 280 4286 Tunc
295 4221 386 4285 latus
401 4241 481 4286 ense
496 4221 583 4286 fodit
598 4241 607 4302 ;
629 4241 693 4287 nec
708 4243 751 4288 eo
767 4227 947 4288 contentus
962 4223 999 4288 in
1013 4243 1136 4308 aequor

185 4329 345 4414 Prosilit;
368 4332 486 4398 emissi
500 4333 630 4416 spargit
644 4353 725 4417 pars
740 4340 886 4402 transtra
900 4335 1025 4401 eminae
