2778 4866
137 325 140 338 Ι
223 381 289 460 588
393 391 397 397 “
519 375 1010 446 SUPPLEMENTUM

222 551 378 618 libertas
392 553 488 618 tanti.
503 571 613 636 neque
627 552 709 616 ficto
724 550 873 616 Caesaris
889 557 1014 634 augent

222 659 399 745 Obsequio
414 661 543 726 titulos.
559 660 620 726 sed
635 679 717 724 vero
731 667 870 744 pectore
885 667 1010 739 tantos,

222 772 278 838 Ne
294 773 360 836 sibi
377 771 472 853 Rege
487 772 596 840 minor
611 772 766 838 videatur
782 770 911 847 Caesar,
925 770 1073 836 bonores
1111 773 1116 784 '

222 885 428 960 Decernunt‚
444 891 591 966 quantos
607 887 754 966 nequeat
768 881 921 965 privatus
935 879 1072 946 habere.

222 995 429 1078 Perpetuum
445 994 668 1070 Dictatorem,
686 993 875 1078 patriaeque
891 997 1065 1074 parentem

220 1103 408 1188 Appellant
422 1103 542 1168 Patres
554 1124 563 1182 ;
587 1104 694 1170 denos
709 1109 747 1166 ut
762 1082 892 1166 Consul
906 1101 943 1166 in
956 1120 1066 1166 annos

219 1215 462 1298 Designaretur
477 1221 648 1292 statuunt3
671 1214 807 1297 altaque
824 1197 942 1275 Cirruli

221 1324 303 1408 Ipse
319 1331 357 1388 ut
370 1344 548 1407 supremus
564 1323 722 1388 Romane
736 1321 866 1386 Censor
881 1321 915 1386 in
931 1320 1013 1384 urbe

219 1418 326 1524 Veste
342 1434 536 1517 triumphali
552 1434 702 1509 indutus,
718 1433 884 1518 lauroque
899 1431 1034 1495 sederet

219 1542 390 1627 Perpetua
406 1550 554 1608 ornatus.
569 1563 634 1607 nee
649 1561 718 1606 non
734 1543 776 1607 de
793 1539 954 1625 Principe
969 1539 1108 1605 Numen

220 1653 269 1721 Ut
283 1655 377 1720 fieret
392 1655 522 1730 Victor,
538 1653 665 1718 donant
680 1653 812 1728 altaria,
827 1653 945 1728 Sacra,

219 1763 368 1849 Altaque
384 1765 522 1848 templa,
538 1765 663 1848 quibus
675 1763 906 1847 pulcherrima
915 1761 1037 1846 juncta
1051 1761 1209 1828 Deorum

221 1875 321 1940 Illius
337 1876 474 1938 astabat
487 1863 608 1938 statuae
625 1873 814 1937 Clementia
829 1889 950 1936 suerat.

220 1983 382 2050 Caesareo
396 1984 526 2048 faciunt
541 1984 701 2048 Vestales
716 1983 851 2048 nomine
866 1987 960 2048 vota.

219 2093 264 2159 Et
279 2113 347 2178 quo
365 2113 510 2177 quaeque
526 2093 581 2157 die
597 2094 742 2158 victorie
758 2093 901 2176 contigit
917 2089 968 2156 illi

217 2203 355 2290 (Civilis
373 2201 583 2287 quanquam)
598 2204 810 2268 celebrantia
824 2203 914 2268 festa
928 2221 989 2287 per
1003 2205 1137 2268 urbem.
1170 2217 1173 2222 '

123 2381 127 2389 ,
219 2314 379 2380 Crederet
393 2316 458 2379 boe
475 2315 611 2398 aliquis,
628 2333 706 2383 curu
721 2316 789 2380 siut
802 2313 922 2378 feralia
936 2313 1034 2378 fastis
1082 2357 1095 2370 -

218 2423 263 2490 Et
276 2425 412 2502 Trebia,
428 2433 462 2490 et
477 2423 604 2488 Cannae
623 2423 789 2489 Romanis
801 2425 960 2506 uomiua;
984 2423 1141 2503 Mundae,

217 2535 418 2613 messaline,
434 2535 632 2619 Thapsique
648 2536 722 2599 dies
732 2535 806 2620 jam
821 2537 903 2602 laeta
915 2543 1083 2602 vocentur

216 2645 405 2730 Tempora!
429 2647 654 2730 Pompeiique
671 2667 801 2726 necem,
817 2649 995 2732 sanctique
1010 2647 1172 2725 Catonis,

217 2755 457 2838 Scipiadaeque
474 2757 564 2822 elbis
578 2757 732 2839 designet
747 2757 860 2822 Roma
878 2759 1018 2842 lapillis.

216 2864 343 2930 Nullus
357 2873 462 2930 restat
476 2867 594 2944 bonor,
609 2887 710 2950 quem
725 2887 793 2932 non
809 2889 981 2934 assumere
998 2869 1113 2952 possit

215 2975 238 3040 J
240 2995 295 3039 am
311 2977 389 3053 sibi,
404 2961 526 3040 victori
541 2985 635 3042 tanta
650 2985 703 3043 est
717 2997 886 3045 concessa
898 2985 1070 3064 potestas.

259 3085 352 3164 Quid
368 3106 456 3150 nunc
473 3088 616 3170 imperio
632 3109 788 3154 securam
805 3091 953 3156 Coesaris
968 3093 1102 3170 rubero,

181 3188 190 3198 “
215 3193 260 3259 Et
273 3197 409 3260 tandem
425 3205 553 3280 optata,
569 3219 632 3282 pro
647 3201 815 3278 libertate,
831 3203 946 3284 quiete

104 3343 112 3354 ·
216 3303 415 3384 Laenatem,
431 3310 542 3390 possit
557 3310 673 3374 civilia
688 3329 804 3374 rursus
818 3313 853 3374 in
868 3331 973 3388 arma,

216 3413 350 3480 Rursus
367 3422 399 3480 in
416 3405 765 3504 horrendaspopulos
779 3423 953 3506 impellere
969 3423 1115 3488 clades?

216 3525 308 3604 Quid
324 3535 435 3591 tantas
453 3530 603 3593 Victoris
618 3550 716 3613 opes,
732 3521 951 3616 stabilitaque
966 3553 1072 3616 regna

215 3635 365 3702 Eruerel
390 3659 433 3702 an
449 3659 515 3704 non
531 3647 600 3704 tam
617 3642 718 3706 {anile
734 3648 787 3706 est
801 3661 960 3725 suprema
974 3645 1060 3708 tueri

215 3746 328 3826 Quam
345 3749 424 3813 dare
443 3751 518 3814 Diis
534 3753 675 3836 Superis
687 3755 702 3816 l
726 3773 770 3818 au
783 3773 852 3817 non
867 3745 1068 3820 mortalibus
1081 3755 1157 3821 ulla

215 3861 329 3928 Firma
344 3865 452 3942 datur,
468 3867 637 3951 nullisque
652 3869 752 3933 malis
768 3867 930 3932 violanda
945 3851 1126 3956 potestus?

214 3973 362 4038 Nullane
378 3977 518 4040 livorem
533 3982 657 4062 poterit
672 3981 909 4046 transcendere
924 3978 1058 4044 virtusi

214 4085 290 4150 Nec
306 4095 433 4150 tautum
448 4091 557 4152 meriti
574 4079 726 4174 spatium¹
738 4099 801 4170 est,
818 4092 910 4177 quod
925 4109 994 4174 nou
1011 4087 1197 4172 capitulio

156 4211 162 4218 “
214 4194 357 4259 Invidiae
373 4199 510 4261 rabies?
534 4202 578 4262 oh
594 4185 735 4266 suinmis
750 4205 883 4268 lubrica
897 4187 1033 4285 seniper

214 4303 257 4368 Et
271 4301 430 4372 minitans
446 4311 564 4376 statio!
586 4331 655 4377 non
669 4319 702 4379 te
718 4321 777 4380 tua
791 4315 937 4400 plurima
951 4314 1060 4380 *irtus
