2696 4852
727 727 778 778 Π

596 913 885 996 L.Fn0n1
1083 1017 1090 1026 ι

357 1117 1119 1226 HISTORIARUM

589 1377 668 1434 ΗΒ.
685 1377 739 1433 IV.
758 1377 844 1433 GAP.
862 1375 904 1433 Π.

434 1571 586 1650 Bellum
611 1570 774 1650 cesaris
798 1583 836 1646 et
864 1569 1052 1670 Pompeii.

189 2030 276 2138 Jars
301 2079 389 2144 praue
414 2065 480 2122 loto
505 2061 579 2121 orbe
602 2065 721 2138 pacato,
740 2058 837 2137 majus
859 2066 922 2120 erat
945 2057 1098 2138 impmium
1118 2057 1287 2125 Romanum,

190 2187 281 2249 quam
306 2176 340 2226 nt
358 2165 426 2226 ullis
448 2163 578 2224 externis
598 2163 710 2222 viribus
732 2164 864 2244 extingui
887 2173 999 2244 posset.
1038 2164 1145 2241 ltaque
1159 2158 1288 2220 inridens

84 2321 87 2330 .
188 2272 322 2332 Fortuna
342 2268 470 2348 principi
494 2269 624 2346 gentium
648 2267 775 2347 populo,
799 2268 897 2346 ipsum
918 2269 1000 2328 illurn
1019 2268 1187 2330 inexilium
1207 2283 1288 2336 snum

190 2375 325 2439 armavit.
366 2377 413 2434 Ac
428 2373 564 2434 Mariana
578 2371 699 2451 quidem
720 2372 915 2452 Cinnanaque
933 2373 1030 2434 rabies
1046 2373 1123 2435 intra
1136 2375 1240 2436 urbem
1258 2395 1288 2436 se

189 2481 393 2562 praeluserat,
407 2477 492 2558 quasi
504 2477 707 2556 experiretur;
721 2477 842 2540 Sullana
851 2485 1010 2557 tempestas
1024 2480 1121 2553 latius,
1142 2479 1218 2541 intra
1231 2481 1289 2541 lta·

188 2585 261 2647 liam
282 2594 382 2646 tamen
403 2583 598 2656 detonuerat3
629 2582 756 2644 cesaris
783 2583 867 2645 suror
887 2594 979 2664 alque
1004 2587 1145 2666 Pompeii,
1169 2587 1289 2667 Urbem,

188 2689 315 2762 ltaliam,
326 2697 439 2770 gentes,
459 2689 606 2762 nationes,
627 2696 724 2750 totum
745 2689 875 2769 denique
899 2709 960 2770 qua
979 2693 1102 2770 patebat
1126 2690 1289 2771 imperium,

190 2795 321 2878 quodam
344 2794 430 2876 quasi
444 2795 567 2868 diluvio,
589 2803 621 2854 et
645 2791 875 2858 inflammatione
898 2797 1052 2876 corripuit,
1077 2797 1161 2870 aden,
1181 2804 1289 2856 utnon

187 2913 270 2966 recte
285 2909 399 2964 tautum
414 2899 502 2960 civile
515 2899 644 2972 dicatur,
663 2917 700 2960 nc
723 2923 762 2964 ne
780 2904 889 2964 sociale
907 2903 1038 2982 quidem,
1057 2903 1111 2964 sed
1124 2921 1179 2965 neo
1196 2911 1289 2964 exter·

188 3031 280 3081 nuniz
300 3009 353 3070 sed
368 3007 467 3088 potius
482 3025 640 3068 commune
664 3009 820 3086 quoddam
839 3027 877 3068 er
899 3006 1047 3078 omuibus,
1068 3014 1100 3066 et
1116 3008 1182 3086 plus
1205 3027 1289 3087 quam

188 3115 312 3178 bellum.
352 3113 475 3192 Quippe
487 3111 511 3171 si
525 3111 620 3172 duces
633 3112 700 3191 ejus
714 3112 867 3192 inspicias,
880 3119 962 3172 totus
973 3119 1091 3172 senatus
1103 3111 1134 3170 iu
1146 3111 1289 3190 parribus

189 3221 215 3282 si
239 3219 396 3295 exercitus,
422 3219 492 3279 lrino
509 3234 559 3278 xi.
580 3219 725 3300 legiones,
743 3219 813 3280 inde
829 3212 937 3279 x'vm.
958 3215 1013 3276 flos
1036 3217 1132 3276 omnis
1149 3227 1181 3278 et
1202 3217 1291 3278 robur

189 3323 287 3386 ltalici
309 3320 480 3402 sanguinis3
501 3321 526 3381 si
549 3321 659 3384 auxilia
682 3327 841 3397 sociorum,
864 3323 935 3384 hinc
958 3323 1069 3383 Gallici
1093 3322 1289 3401 Germanique

189 3428 343 3498 delectus;
365 3423 434 3485 inde
457 3425 629 3500 Deiotarus,
646 3427 873 3500 Ariobarzanes,
892 3428 1154 3500 Tarcondimotus,
1169 3427 1288 3501 Colhns,

189 3553 276 3598 omne
304 3530 453 3603 Thraciae,
479 3530 752 3613 Cappadociaque,
780 3531 905 3604 Ciliciae,
930 3533 1131 3604 Macedoniae,
1155 3531 1290 3610 Graeoioe,

187 3637 294 3712 lulio,
309 3635 461 3714 totiusque
485 3637 577 3698 robur
591 3635 741 3708 Orientis;
764 3635 789 3696 si
816 3655 928 3698 monna
946 3638 1029 3712 belli,
1055 3645 1185 3718 quatuor
1200 3636 1290 3714 annis,

188 3757 221 3812 et
232 3765 288 3828 pro
302 3741 389 3804 clade
404 3761 502 3802 rerum
516 3743 605 3804 breve
618 3751 758 3822 tempus;
779 3743 804 3804 si
817 3743 916 3805 locum
940 3751 971 3802 et
983 3742 1114 3822 spatium
1133 3743 1186 3803 ubi
1211 3761 1287 3802 oom-

188 3851 310 3918 missum
334 3855 389 3919 est,
411 3850 489 3910 iutra
502 3848 637 3919 ltaliam
659 3847 729 3908 inde
748 3867 780 3908 se
800 3849 832 3908 in
846 3847 977 3909 Galliam
997 3847 1227 3926 Hispaniamque
1240 3845 1289 3906 de·

189 3958 272 4024 flexit
280 3981 290 4032 ;
313 3971 523 4032 reversumque
539 3952 577 4013 ab
591 3969 711 4033 oooesu,
726 3953 796 4014 totis
808 3953 919 4014 viribus
932 3953 963 4012 in
976 3953 1069 4032 Epiro
1082 3951 1289 4030 Thessaliaque

189 4063 344 4136 comedin
364 4060 435 4122 hino
447 4059 478 4120 in
492 4058 654 4139 Egyptum
669 4057 771 4119 subito
784 4057 920 4119 transiliit
931 4079 941 4129 ς
960 4057 1030 4118 inde
1043 4057 1172 4137 respexit
1184 4057 1287 4129 Asiam,

190 4173 302 4235 Africo
322 4167 460 4232 incubuit
467 4189 476 4240 ;
497 4173 648 4246 postremo
671 4165 701 4225 in
727 4163 901 4243 Hispaniam
921 4161 1099 4241 remigravit,
1120 4170 1152 4222 et
1172 4160 1216 4222 ibi
1238 4160 1288 4221 ali·

191 4279 311 4362 quando
325 4275 447 4342 defecit.
489 4271 548 4336 Sed
563 4289 624 4334 non
636 4269 751 4334 erodis
763 4269 894 4352 pullum
915 4267 999 4331 finita
1012 4283 1080 4331 cum
1095 4267 1186 4330 bello.
1222 4263 1288 4330 Non
