2708 4866
420 629 819 703 SUPPLEMENTUM

320 789 930 902 LUCANI.

470 1007 596 1066 LIBER
616 1005 777 1062 SEXTUS.

555 1178 687 1211 ΕΞ

73 1311 248 1399 Exque
264 1332 424 1398 oceanus
439 1331 556 1397 crona
570 1328 877 1414 uenapansqan

73 1445 252 1530 Hispanas
266 1448 406 1527 tangant
419 1448 537 1520 terras,
552 1447 587 1508 et
600 1441 710 1506 tristia
724 1439 858 1507 Pontus

73 1555 358 1640 Pompeianarum
374 1558 484 1637 gestat
497 1553 666 1636 praeludia
681 1551 828 1618 cladum.

75 1664 156 1746 Qua
168 1665 406 1730 Tartessiacas
426 1668 613 1730 extremum
626 1662 721 1726 littus
737 1647 875 1726 adoras

74 1775 236 1842 Extendit
250 1776 371 1860 Libye,
387 1775 545 1860 Pompeii
558 1773 695 1840 nomine
709 1772 824 1838 Varus

75 1888 229 1973 AEqwra
244 1862 412 1954 custodit:
434 1905 497 1972 pro
513 1885 650 1952 Caesare
665 1881 791 1950 Didius
805 1881 889 1950 illuc

64 1995 254 2064 ‘classibus
269 1998 417 2063 advenit.
433 1997 615 2082 vicinaque
632 1996 747 2062 littora
763 1996 921 2084 utrinqne

76 2109 240 2195 AEquoris
257 2111 392 2192 angusti
407 2109 488 2174 belli
502 2108 618 2174 videre
632 2107 789 2185 lirrorcm,

75 2219 122 2284 Et
133 2221 229 2285 terris
244 2226 395 2284 tumuere
410 2219 493 2284 suis.
508 2219 569 2284 vix
578 2238 699 2303 pugna
714 2222 832 2284 coorta
846 2221 900 2284 est

76 2329 166 2396 Cum
179 2332 283 2397 variis
298 2331 411 2396 subito
426 2335 619 2394 tumuerunt
634 2349 774 2415 aequora
787 2327 910 2396 ventis.

77 2441 257 2506 Fluctibus
272 2441 415 2523 irrsurgit
425 2445 534 2505 totum
547 2459 655 2522 mare3
677 2441 824 2525 plusque
839 2441 960 2526 pericli

77 2553 193 2634 Quam
207 2553 312 2636 gladii
326 2551 468 2618 hostiles
483 2557 668 2636 tempestas
682 2557 756 2617 atra
768 2553 925 2619 minatur.

78 2661 125 2728 Et
137 2663 327 2746 'lingltanis
341 2663 451 2747 primo
466 2661 533 2726 ruit
546 2660 674 2728 Auster
687 2663 731 2728 ab
747 2665 829 2748 oris,

78 2773 191 2840 Corus
205 2775 249 2840 ab
265 2775 422 2839 Occiduo
436 2773 572 2859 pelago,
589 2775 761 2841 violentus
777 2775 879 2841 Ibero

79 2886 208 2953 littore
223 2887 384 2969 surgebat
397 2886 540 2963 Boreas,
555 2891 590 2951 et
603 2885 741 2952 flatibus
756 2886 866 2953 undas

79 2995 248 3082 Reppulit
261 2995 426 3062 adversis.
441 2995 546 3061 variis
561 3002 687 3063 vexata
700 2997 862 3084 procellis

79 3107 237 3194 AEquora
251 3107 414 3173 confusos
428 3107 552 3173 tollunt
566 3107 611 3172 ad
625 3109 739 3176 sidera
752 3109 888 3176 finctus.

80 3220 145 3287 Nil
159 3221 253 3286 aliud
268 3221 373 3286 dubio
387 3219 472 3284 flatu
486 3219 638 3286 voluisse
652 3223 798 3288 videtur'

79 3331 197 3412 Quam
210 3325 344 3398 turbare
358 3351 462 3410 mare,
479 3337 514 3397 et
528 3333 731 3400 sceleratum
745 3335 945 3420 abrumpere
959 3333 1086 3403 bellum

80 3443 219 3522 AEolus,
234 3449 294 3509 aut
307 3443 429 3508 mediis
443 3441 545 3508 undis
559 3451 747 3530 utramque,
762 3447 962 3531 priusquam

77 3555 254 3638 Sanguine
269 3555 363 3621 civili
377 3553 547 3633 madeant,
562 3555 758 3641 immergere
774 3557 931 3624 classem.

79 3665 152 3732 Sed
166 3669 294 3733 rabiem
309 3665 441 3732 Oceani
453 3667 548 3746 vicit,
563 3659 722 3754 ventique
736 3669 884 3736 imorem

78 3779 241 3845 Bellandi
254 3799 403 3846 vesanus
417 3799 532 3861 amor3
553 3779 725 3866 tantisque
739 3783 861 3848 ruebat

81 3887 207 3956 Militis
221 3889 379 3974 impietas
393 3889 438 3956 ad
451 3889 572 3974 praelia
586 3889 660 3956 dira
672 3893 847 3977 procellis»,

80 3998 232 4080 Quantis
247 3999 431 4078 Mercator,
445 4001 602 4085 quamvis
616 4002 846 4084 avidissimus,
860 4001 971 4070 undas

80 4109 278 4196 AEquoreas
292 4116 421 4178 tentare
434 4120 552 4194 ueget3
574 4133 638 4180 nec
653 4115 779 4183 vellera
793 4115 940 4196 Parmae,

81 4221 209 4288 Indum
224 4223 319 4302 ebur,
334 4229 394 4289 eut
405 4224 508 4290 rubro
522 4227 692 4310 pretiosas
706 4247 844 4313 aequore
863 4225 1016 4294 conchas

81 4331 238 4401 Auderet
247 4335 308 4401 ali
320 4336 451 4402 ratibus
467 4338 665 4422 conquirere
681 4339 783 4404 coelo.

126 4443 276 4532 Jamque
291 4447 567 4535 propinquabant
581 4451 722 4528 classes,
738 4449 928 4534 validisque
942 4447 1079 4538 lacertis
1164 4475 1168 4484 ’
