2756 4896
183 388 249 456 558
487 383 987 458 SUPPLEMENTIJM.
1051 417 1058 430 ·

182 562 320 649 Saepius
333 561 369 628 in
383 560 517 642 flumen,
531 568 717 628 mensuum
730 561 839 630 ¹vitare
851 563 1048 644 neiundurn,
1110 625 1114 632 .
1259 561 1295 652 ζ.

184 673 361 738 Desiluere
373 672 457 737 viri:
480 671 624 736 sednon
637 679 800 754 presure
814 675 965 742 eduum

183 785 326 850 Flumen
339 784 390 848 cis
405 783 526 867 potuit.
546 788 667 848 nentes
681 784 848 868 correpsit
860 785 897 850 in
911 785 1023 864 undu,

183 893 219 960 N
219 914 260 960 ec
274 895 379 976 mergi
392 893 490 958 licuit
502 893 647 968 miseris,
663 894 785 979 pejore
797 897 982 962 manebunt

184 1005 271 1072 Fetu
283 1005 374 1084 ilios,
388 1004 529 1071 monstri
544 1005 712 1070 obscoene
725 1004 917 1072 conduntur
930 1006 967 1072 in
981 1006 1071 1074 uiuo.

225 1119 283 1184 Sic
298 1119 435 1202 impune
450 1115 510 1182 diu
524 1115 630 1199 Sylva
643 1119 820 1199 metus
832 1114 868 1180 iu
882 1115 952 1182 istu

182 1227 349 1314 Egressus
363 1226 501 1293 tandem
514 1231 579 1304 est,
594 1231 680 1294 etse
695 1225 740 1290 ed
754 1225 887 1312 majore
900 1225 1044 1310 perurit

182 1339 274 1420 Quid
289 1337 459 1424 pecudum
474 1343 615 1420 snoges,
629 1335 714 1419 quid
727 1336 862 1420 singule
874 1336 947 1402 rste
959 1337 1108 1404 virorum

182 1451 396 1535 Persequert
418 1448 511 1514 heud
524 1452 628 1514 veoet
640 1446 697 1512 hic
711 1447 863 1532 privates
877 1448 991 1514 dicere
1005 1447 1137 1532 eludes.

182 1563 225 1628 In
237 1563 386 1647 pupillos
400 1559 491 1640 furit,
513 1564 547 1626 et
560 1558 642 1624 totis
656 1577 735 1626 cum
749 1559 905 1642 gentibus
919 1563 1020 1626 αἰτοῖ

180 1677 281 1744 Belle
292 1693 423 1760 gerens,
438 1691 543 1738 ausus
558 1669 718 1737 Romanu
729 1670 898 1736 lacessere
913 1673 1026 1738 cesus
1039 1675 1114 1737 est:

181 1789 425 1874 cumprimum
438 1789 566 1850 tumes
581 1782 709 1867 libyes
723 1783 769 1849 ud
782 1782 897 1848 littore
910 1782 1010 1848 duxit

180 1900 334 1984 Regulus
349 1895 535 1973 Ausonius,
551 1895 636 1960 etin
649 1893 704 1960 his
719 1894 922 1960 consederet
935 1889 1039 1971 eruis,

179 2011 285 2099 (Quis
298 2008 381 2076 mihi
395 2008 438 2072 de
445 2011 547 2090 tento
562 2005 679 2072 credet
691 2004 890 2094 certamine)
903 2006 1002 2074 solus
1111 2041 1113 2044 ·
1243 2049 1265 2093 ι
1283 2011 1295 2089 ,ζ

181 2124 314 2192 Invasit
327 2127 417 2188 tetes
432 2119 539 2185 ecies.
555 2117 725 2183 exercitus
739 2117 809 2198 ille,
1064 2195 1071 2210 x

181 2237 252 2318 Qui
266 2235 333 2302 sibi
348 2231 505 2318 promisit
518 2229 650 2314 Libyae,
665 2233 701 2295 et
713 2227 928 2316 Gndregiuis
941 2227 1020 2302 dte

180 2347 377 2432 Imperium,
392 2361 494 2428 quern
506 2345 559 2408 tot
572 2345 701 2424 gentes,
715 2341 899 2430 mundique
912 2345 1053 2415 timebat
1186 2383 1191 2391 ·

180 2461 297 2526 Tertia
310 2475 403 2542 pers,
416 2473 486 2520 uno
500 2451 562 2520 vix
577 2471 615 2517 se
630 2451 781 2520 defendit
794 2456 839 2521 eb
854 2456 986 2541 Angue.

182 2573 265 2637 Dux
279 2585 402 2654 cepere
418 2583 512 2631 orme
521 2564 631 2650 jubet,
645 2583 710 2630 nec
723 2564 808 2632 solis
822 2547 961 2634 ensibus
973 2565 1056 2644 illio,

179 2682 253 2749 Aut
265 2681 357 2766 pilis,
372 2677 435 2744 sed
448 2675 606 2754 ballistis,
621 2693 700 2760 quee
714 2677 842 2744 moenie
855 2695 989 2744 summe

182 2791 226 2860 Et
238 2800 345 2860 turres
360 2793 546 2876 quaterent,
565 2793 717 2856 monstro
731 2807 824 2856 nove
835 2789 929 2856 bello
942 2789 1065 2876 peruri.

181 2906 341 2972 Protinus
354 2904 534 2968 insonuere
547 2900 657 2984 tubee;
678 2907 759 2968 tune
775 2899 873 2985 erigit
885 2901 954 2966 ulte
969 2961 973 2968 .

181 3017 238 3096 Se,
253 3016 429 3099 dirumque
446 3018 551 3098 ceput
565 3012 712 3097 Serpens
727 3013 851 3080 attollit
862 3013 899 3080 in
911 2995 1014 3080 eurus
1037 3001 1044 3014 ’

181 3129 342 3212 Undique
357 3124 552 3212 despiciens
566 3139 722 3209 compos,
735 3129 917 3210 musque
929 3124 1066 3190 videtur

106 3273 120 3286 -
181 3241 338 3322 Quantus
351 3237 383 3302 is
398 3242 454 3302 est
464 3236 615 3319 gemines
630 3236 721 3301 ooeio
736 3237 796 3321 qui
809 3236 932 3303 dividit
944 3233 1081 3302 Arctos.

178 3353 277 3420 Tunc
292 3353 393 3435 seper
407 3349 526 3431 sorit3
548 3347 684 3433 Stygius
698 3347 741 3413 de
756 3353 887 3432 gutture
901 3347 976 3415 dno

180 3459 355 3528 Exhulens
368 3461 524 3536 nebulus,
537 3463 572 3523 et
584 3457 743 3524 domnice
754 3457 883 3526 lumine
895 3463 1040 3545 torquet.

180 3573 353 3658 Squemee
367 3589 445 3634 curn
457 3569 568 3635 volvit
581 3567 737 3636 subintus
750 3575 856 3656 terge,
870 3577 1009 3656 putores

179 3681 366 3754 Excelsnm
382 3677 427 3743 ed
440 3695 574 3762 pugnus
589 3679 767 3747 euenum
781 3685 904 3765 sponte
919 3680 1060 3772 moveri.

177 3793 377 3866 Distuuturn
389 3789 490 3873 iunge
504 3789 618 3857 subito
632 3807 672 3858 ee
684 3789 834 3861 immittit
846 3790 882 3856 in
896 3807 969 3856 ore.

180 3903 260 3973 Hos
273 3919 401 3980 morsu,
416 3897 533 3966 nffiutu
544 3897 735 3982 necetius,
749 3899 814 3968 iros
826 3899 917 3968 tollit
928 3902 966 3968 in
979 3901 1096 3981 ultum,

180 4011 229 4080 Ut
242 4031 327 4079 cesn
340 4011 510 4078 interimet
522 4012 684 4095 miseros3
704 4017 865 4100 totusque
878 4013 1036 4083 cohortes

179 4123 304 4193 Sternit
316 4124 432 4207 humo,
445 4124 535 4190 letus
548 4121 662 4190 cende
673 4123 755 4192 durn
767 4125 1018 4194 venitatem.

178 4234 444 4304 Constemnutur
456 4235 538 4320 equi
551 4233 694 4320 possim,
707 4234 893 4323 iramque
904 4236 1050 4306 meede·

178 4341 311 4413 Invitos
324 4343 412 4414 steri
425 4343 583 4414 dominos
596 4343 772 4433 Serpentis
784 4345 829 4416 eb
843 4347 896 4416 ire
