<?xml version="1.0" encoding="UTF-8"?>
<!DOCTYPE html PUBLIC "-//W3C//DTD XHTML 1.0 Transitional//EN"
    "http://www.w3.org/TR/xhtml1/DTD/xhtml1-transitional.dtd">
<html xmlns="http://www.w3.org/1999/xhtml" xml:lang="en" lang="en">
 <head>
  <title>
</title>
<meta http-equiv="Content-Type" content="text/html;charset=utf-8" />
  <meta name='ocr-system' content='tesseract 3.04.00' />
  <meta name='ocr-capabilities' content='ocr_page ocr_carea ocr_par ocr_line ocrx_word'/>
</head>
<body>
  <div class='ocr_page' id='page_1' title='image "./debellocivilicu00lucagoog/debellocivilicu00lucagoog_0020.png"; bbox 0 0 2790 4860; ppageno 0'>
   <div class='ocr_carea' id='block_1_1' title="bbox 138 297 1254 787">
    <p class='ocr_par' dir='ltr' id='par_1_1' title="bbox 138 297 1254 787">
     <span class='ocr_line' id='line_1_1' title="bbox 138 297 1245 384; baseline 0.001 -19"><span class='ocrx_word' id='word_1_1' title='bbox 138 307 229 365; x_wconf 71' lang='lat' dir='ltr'><strong>utus</strong></span> <span class='ocrx_word' id='word_1_2' title='bbox 240 301 402 384; x_wconf 84' lang='lat' dir='ltr'><strong>explicuit:</strong></span> <span class='ocrx_word' id='word_1_3' title='bbox 414 319 486 379; x_wconf 87' lang='lat' dir='ltr'><strong>una,</strong></span> <span class='ocrx_word' id='word_1_4' title='bbox 500 317 566 380; x_wconf 80' lang='lat' dir='ltr'><strong>quc</strong></span> <span class='ocrx_word' id='word_1_5' title='bbox 583 299 778 381; x_wconf 77' lang='lat' dir='ltr'>Opiterginos</span> <span class='ocrx_word' id='word_1_6' title='bbox 792 297 917 375; x_wconf 80' lang='lat' dir='ltr'><strong>ferebat,</strong></span> <span class='ocrx_word' id='word_1_7' title='bbox 933 301 1061 364; x_wconf 81' lang='lat' dir='ltr'><strong>invadis</strong></span> <span class='ocrx_word' id='word_1_8' title='bbox 1076 299 1173 376; x_wconf 78' lang='lat' dir='ltr'><strong>besil,</strong></span> <span class='ocrx_word' id='word_1_9' title='bbox 1185 321 1245 366; x_wconf 89' lang='lat' dir='ltr'><strong>me·</strong></span> 
     </span>
     <span class='ocr_line' id='line_1_2' title="bbox 138 405 1254 488; baseline 0 -18"><span class='ocrx_word' id='word_1_10' title='bbox 138 409 379 488; x_wconf 76' lang='lat' dir='ltr'><strong>notandumque</strong></span> <span class='ocrx_word' id='word_1_11' title='bbox 394 407 520 488; x_wconf 82' lang='lat' dir='ltr'><strong>posteris</strong></span> <span class='ocrx_word' id='word_1_12' title='bbox 534 405 645 474; x_wconf 73' lang='lat' dir='ltr'><strong>exitum</strong></span> <span class='ocrx_word' id='word_1_13' title='bbox 660 405 753 468; x_wconf 87' lang='lat' dir='ltr'><strong>dedit.</strong></span> <span class='ocrx_word' id='word_1_14' title='bbox 797 407 918 487; x_wconf 84' lang='lat' dir='ltr'><strong>Quippe</strong></span> <span class='ocrx_word' id='word_1_15' title='bbox 939 407 988 468; x_wconf 81' lang='lat' dir='ltr'><strong>vix</strong></span> <span class='ocrx_word' id='word_1_16' title='bbox 1008 408 1087 468; x_wconf 90' lang='lat' dir='ltr'><strong>mille</strong></span> <span class='ocrx_word' id='word_1_17' title='bbox 1101 409 1254 486; x_wconf 83' lang='lat' dir='ltr'><strong>juvenum·</strong></span> 
     </span>
     <span class='ocr_line' id='line_1_3' title="bbox 140 503 1254 594; baseline 0 -19"><span class='ocrx_word' id='word_1_18' title='bbox 140 533 255 586; x_wconf 73' lang='lat' dir='ltr'><strong>namus,</strong></span> <span class='ocrx_word' id='word_1_19' title='bbox 266 511 441 574; x_wconf 84' lang='lat' dir='ltr'><strong>circumfusi</strong></span> <span class='ocrx_word' id='word_1_20' title='bbox 453 503 584 590; x_wconf 84' lang='lat' dir='ltr'><strong>undique</strong></span> <span class='ocrx_word' id='word_1_21' title='bbox 596 513 741 574; x_wconf 84' lang='lat' dir='ltr'><strong>exercitus</strong></span> <span class='ocrx_word' id='word_1_22' title='bbox 750 533 804 594; x_wconf 91' lang='lat' dir='ltr'><strong>per</strong></span> <span class='ocrx_word' id='word_1_23' title='bbox 818 521 915 574; x_wconf 89' lang='lat' dir='ltr'><strong>totum</strong></span> <span class='ocrx_word' id='word_1_24' title='bbox 930 513 1008 574; x_wconf 89' lang='lat' dir='ltr'><strong>diem</strong></span> <span class='ocrx_word' id='word_1_25' title='bbox 1019 515 1078 574; x_wconf 91' lang='lat' dir='ltr'><strong>tela</strong></span> <span class='ocrx_word' id='word_1_26' title='bbox 1089 512 1228 575; x_wconf 79' lang='lat' dir='ltr'><strong>sustinuit</strong></span> <span class='ocrx_word' id='word_1_27' title='bbox 1236 535 1254 586; x_wconf 68' lang='grc' dir='ltr'><strong>ς’</strong></span> 
     </span>
     <span class='ocr_line' id='line_1_4' title="bbox 139 617 1247 692; baseline -0.001 -12"><span class='ocrx_word' id='word_1_28' title='bbox 139 629 171 682; x_wconf 89' lang='lat' dir='ltr'><strong>et</strong></span> <span class='ocrx_word' id='word_1_29' title='bbox 186 639 258 680; x_wconf 86' lang='lat' dir='ltr'><strong>curn</strong></span> <span class='ocrx_word' id='word_1_30' title='bbox 273 619 385 680; x_wconf 86' lang='lat' dir='ltr'><strong>exitum</strong></span> <span class='ocrx_word' id='word_1_31' title='bbox 397 619 491 678; x_wconf 80' lang='lat' dir='ltr'><strong>virtus</strong></span> <span class='ocrx_word' id='word_1_32' title='bbox 504 637 564 678; x_wconf 90' lang='lat' dir='ltr'><strong>non</strong></span> <span class='ocrx_word' id='word_1_33' title='bbox 579 618 711 690; x_wconf 87' lang='lat' dir='ltr'><strong>baberet,</strong></span> <span class='ocrx_word' id='word_1_34' title='bbox 726 627 825 678; x_wconf 89' lang='lat' dir='ltr'><strong>tamen</strong></span> <span class='ocrx_word' id='word_1_35' title='bbox 838 637 875 678; x_wconf 88' lang='lat' dir='ltr'><strong>ne</strong></span> <span class='ocrx_word' id='word_1_36' title='bbox 887 619 918 678; x_wconf 89' lang='lat' dir='ltr'><strong>in</strong></span> <span class='ocrx_word' id='word_1_37' title='bbox 932 617 1114 680; x_wconf 88' lang='lat' dir='ltr'><strong>deditionem</strong></span> <span class='ocrx_word' id='word_1_38' title='bbox 1125 620 1247 692; x_wconf 85' lang='lat' dir='ltr'><strong>veniret,</strong></span> 
     </span>
     <span class='ocr_line' id='line_1_5' title="bbox 140 724 1248 787; baseline 0 -1"><span class='ocrx_word' id='word_1_39' title='bbox 140 725 280 786; x_wconf 78' lang='lat' dir='ltr'><strong>hortante</strong></span> <span class='ocrx_word' id='word_1_40' title='bbox 292 725 412 786; x_wconf 90' lang='lat' dir='ltr'><strong>tribuno</strong></span> <span class='ocrx_word' id='word_1_41' title='bbox 422 725 544 787; x_wconf 89' lang='lat' dir='ltr'><strong>Vulteio</strong></span> <span class='ocrx_word' id='word_1_42' title='bbox 559 725 668 784; x_wconf 88' lang='lat' dir='ltr'><strong>mutuis</strong></span> <span class='ocrx_word' id='word_1_43' title='bbox 684 724 793 784; x_wconf 89' lang='lat' dir='ltr'><strong>ictibus</strong></span> <span class='ocrx_word' id='word_1_44' title='bbox 809 725 839 784; x_wconf 91' lang='lat' dir='ltr'><strong>in</strong></span> <span class='ocrx_word' id='word_1_45' title='bbox 853 745 884 784; x_wconf 89' lang='lat' dir='ltr'><strong>se</strong></span> <span class='ocrx_word' id='word_1_46' title='bbox 898 727 1059 786; x_wconf 81' lang='lat' dir='ltr'><strong>concurrit.</strong></span> <span class='ocrx_word' id='word_1_47' title='bbox 1099 727 1135 785; x_wconf 89' lang='lat' dir='ltr'><strong>ln</strong></span> <span class='ocrx_word' id='word_1_48' title='bbox 1147 724 1248 786; x_wconf 79' lang='lat' dir='ltr'><strong>Africa</strong></span> 
     </span>
    </p>
   </div>
   <div class='ocr_carea' id='block_1_2' title="bbox 48 829 1248 910">
    <p class='ocr_par' dir='ltr' id='par_1_2' title="bbox 48 829 1248 910">
     <span class='ocr_line' id='line_1_6' title="bbox 48 829 1248 910; baseline 0.001 -21"><span class='ocrx_word' id='word_1_49' title='bbox 48 849 57 860; x_wconf 84' lang='grc'><em>·</em></span> <span class='ocrx_word' id='word_1_50' title='bbox 141 849 264 910; x_wconf 89' lang='lat' dir='ltr'><strong>quoqne</strong></span> <span class='ocrx_word' id='word_1_51' title='bbox 274 841 369 910; x_wconf 88' lang='lat' dir='ltr'><strong>paret</strong></span> <span class='ocrx_word' id='word_1_52' title='bbox 382 831 474 890; x_wconf 85' lang='lat' dir='ltr'><strong>virtus</strong></span> <span class='ocrx_word' id='word_1_53' title='bbox 486 839 517 890; x_wconf 91' lang='lat' dir='ltr'><strong>et</strong></span> <span class='ocrx_word' id='word_1_54' title='bbox 530 829 682 889; x_wconf 86' lang='lat' dir='ltr'><strong>calamitas</strong></span> <span class='ocrx_word' id='word_1_55' title='bbox 700 829 837 889; x_wconf 84' lang='lat' dir='ltr'><strong>Curionis</strong></span> <span class='ocrx_word' id='word_1_56' title='bbox 848 829 914 902; x_wconf 83' lang='lat' dir='ltr'><strong>fuit,</strong></span> <span class='ocrx_word' id='word_1_57' title='bbox 929 829 981 908; x_wconf 93' lang='lat' dir='ltr'><strong>qui</strong></span> <span class='ocrx_word' id='word_1_58' title='bbox 995 829 1033 889; x_wconf 87' lang='lat' dir='ltr'><strong>ad</strong></span> <span class='ocrx_word' id='word_1_59' title='bbox 1045 829 1248 909; x_wconf 89' lang='lat' dir='ltr'><strong>recipiendam</strong></span> 
     </span>
    </p>
   </div>
   <div class='ocr_carea' id='block_1_3' title="bbox 140 933 1257 4072">
    <p class='ocr_par' dir='ltr' id='par_1_3' title="bbox 140 933 1257 4072">
     <span class='ocr_line' id='line_1_7' title="bbox 140 933 1248 1014; baseline 0.002 -20"><span class='ocrx_word' id='word_1_60' title='bbox 140 935 323 1014; x_wconf 78' lang='lat' dir='ltr'><strong>provinciam</strong></span> <span class='ocrx_word' id='word_1_61' title='bbox 346 935 460 1006; x_wconf 88' lang='lat' dir='ltr'><strong>missus,</strong></span> <span class='ocrx_word' id='word_1_62' title='bbox 482 933 568 1014; x_wconf 91' lang='lat' dir='ltr'><strong>pulso</strong></span> <span class='ocrx_word' id='word_1_63' title='bbox 582 933 745 1014; x_wconf 84' lang='lat' dir='ltr'><strong>fugatoque</strong></span> <span class='ocrx_word' id='word_1_64' title='bbox 759 935 839 996; x_wconf 87' lang='lat' dir='ltr'><strong>Varo</strong></span> <span class='ocrx_word' id='word_1_65' title='bbox 862 937 926 1014; x_wconf 77' lang='lat' dir='ltr'><strong>Jam</strong></span> <span class='ocrx_word' id='word_1_66' title='bbox 941 936 1096 1014; x_wconf 75' lang='lat' dir='ltr'><strong>superbus,</strong></span> <span class='ocrx_word' id='word_1_67' title='bbox 1119 935 1248 996; x_wconf 85' lang='lat' dir='ltr'><strong>subitunl</strong></span> 
     </span>
     <span class='ocr_line' id='line_1_8' title="bbox 140 1038 1250 1118; baseline 0 -19"><span class='ocrx_word' id='word_1_68' title='bbox 140 1039 227 1100; x_wconf 82' lang='lat' dir='ltr'><strong>lubre</strong></span> <span class='ocrx_word' id='word_1_69' title='bbox 243 1040 319 1117; x_wconf 88' lang='lat' dir='ltr'><strong>regis</strong></span> <span class='ocrx_word' id='word_1_70' title='bbox 333 1039 507 1118; x_wconf 86' lang='lat' dir='ltr'><strong>adveutum,</strong></span> <span class='ocrx_word' id='word_1_71' title='bbox 527 1038 751 1118; x_wconf 87' lang='lat' dir='ltr'><strong>equitatumque</strong></span> <span class='ocrx_word' id='word_1_72' title='bbox 766 1041 940 1100; x_wconf 89' lang='lat' dir='ltr'><strong>Maurorum</strong></span> <span class='ocrx_word' id='word_1_73' title='bbox 963 1039 1107 1098; x_wconf 89' lang='lat' dir='ltr'><strong>sustinere</strong></span> <span class='ocrx_word' id='word_1_74' title='bbox 1121 1057 1180 1098; x_wconf 91' lang='lat' dir='ltr'><strong>non</strong></span> <span class='ocrx_word' id='word_1_75' title='bbox 1194 1057 1250 1118; x_wconf 89' lang='lat' dir='ltr'><strong>po·</strong></span> 
     </span>
     <span class='ocr_line' id='line_1_9' title="bbox 141 1142 1250 1223; baseline 0 -19"><span class='ocrx_word' id='word_1_76' title='bbox 141 1143 209 1206; x_wconf 84' lang='lat' dir='ltr'><strong>tuit.</strong></span> <span class='ocrx_word' id='word_1_77' title='bbox 252 1143 381 1204; x_wconf 81' lang='lat' dir='ltr'><strong>Patebat</strong></span> <span class='ocrx_word' id='word_1_78' title='bbox 394 1143 474 1204; x_wconf 87' lang='lat' dir='ltr'><strong>victo</strong></span> <span class='ocrx_word' id='word_1_79' title='bbox 488 1143 569 1223; x_wconf 83' lang='lat' dir='ltr'><strong>luga,</strong></span> <span class='ocrx_word' id='word_1_80' title='bbox 592 1142 644 1203; x_wconf 89' lang='lat' dir='ltr'><strong>sed</strong></span> <span class='ocrx_word' id='word_1_81' title='bbox 656 1143 754 1222; x_wconf 89' lang='lat' dir='ltr'><strong>pudor</strong></span> <span class='ocrx_word' id='word_1_82' title='bbox 769 1144 870 1216; x_wconf 87' lang='lat' dir='ltr'><strong>suasit,</strong></span> <span class='ocrx_word' id='word_1_83' title='bbox 892 1151 926 1202; x_wconf 93' lang='lat' dir='ltr'><strong>ut</strong></span> <span class='ocrx_word' id='word_1_84' title='bbox 938 1143 1077 1203; x_wconf 89' lang='lat' dir='ltr'><strong>amissum</strong></span> <span class='ocrx_word' id='word_1_85' title='bbox 1092 1161 1145 1202; x_wconf 83' lang='lat' dir='ltr'><strong>sua</strong></span> <span class='ocrx_word' id='word_1_86' title='bbox 1158 1151 1250 1204; x_wconf 71' lang='lat' dir='ltr'><strong>reme</strong></span> 
     </span>
     <span class='ocr_line' id='line_1_10' title="bbox 142 1247 1250 1327; baseline 0.001 -19"><span class='ocrx_word' id='word_1_87' title='bbox 142 1247 228 1308; x_wconf 83' lang='lat' dir='ltr'><strong>ritate</strong></span> <span class='ocrx_word' id='word_1_88' title='bbox 252 1249 425 1320; x_wconf 82' lang='lat' dir='ltr'><strong>exercitum,</strong></span> <span class='ocrx_word' id='word_1_89' title='bbox 448 1258 541 1308; x_wconf 90' lang='lat' dir='ltr'><strong>morte</strong></span> <span class='ocrx_word' id='word_1_90' title='bbox 565 1257 747 1327; x_wconf 83' lang='lat' dir='ltr'><strong>sequeretur.</strong></span> <span class='ocrx_word' id='word_1_91' title='bbox 799 1248 857 1308; x_wconf 88' lang='lat' dir='ltr'><strong>Sed</strong></span> <span class='ocrx_word' id='word_1_92' title='bbox 880 1249 943 1327; x_wconf 87' lang='lat' dir='ltr'><strong>jam</strong></span> <span class='ocrx_word' id='word_1_93' title='bbox 965 1247 1099 1308; x_wconf 89' lang='lat' dir='ltr'><strong>debitum</strong></span> <span class='ocrx_word' id='word_1_94' title='bbox 1118 1248 1250 1326; x_wconf 61' lang='lat' dir='ltr'><strong>par‘sor·</strong></span> 
     </span>
     <span class='ocr_line' id='line_1_11' title="bbox 143 1351 1250 1432; baseline 0.002 -18"><span class='ocrx_word' id='word_1_95' title='bbox 143 1363 214 1414; x_wconf 84' lang='lat' dir='ltr'><strong>tuna</strong></span> <span class='ocrx_word' id='word_1_96' title='bbox 228 1351 391 1432; x_wconf 84' lang='lat' dir='ltr'><strong>flagitante,</strong></span> <span class='ocrx_word' id='word_1_97' title='bbox 407 1353 506 1414; x_wconf 85' lang='lat' dir='ltr'><strong>sedem</strong></span> <span class='ocrx_word' id='word_1_98' title='bbox 522 1353 601 1413; x_wconf 90' lang='lat' dir='ltr'><strong>bello</strong></span> <span class='ocrx_word' id='word_1_99' title='bbox 616 1353 772 1432; x_wconf 90' lang='lat' dir='ltr'><strong>Pompeius</strong></span> <span class='ocrx_word' id='word_1_100' title='bbox 789 1353 902 1432; x_wconf 85' lang='lat' dir='ltr'><strong>Epiron</strong></span> <span class='ocrx_word' id='word_1_101' title='bbox 918 1353 1056 1432; x_wconf 83' lang='lat' dir='ltr'><strong>elegerat,</strong></span> <span class='ocrx_word' id='word_1_102' title='bbox 1073 1373 1138 1414; x_wconf 85' lang='lat' dir='ltr'><strong>nec</strong></span> <span class='ocrx_word' id='word_1_103' title='bbox 1148 1354 1250 1416; x_wconf 76' lang='lat' dir='ltr'><strong>Cesar</strong></span> 
     </span>
     <span class='ocr_line' id='line_1_12' title="bbox 143 1456 1250 1539; baseline 0.003 -21"><span class='ocrx_word' id='word_1_104' title='bbox 143 1467 294 1528; x_wconf 67' lang='lat' dir='ltr'><strong>moratus:</strong></span> <span class='ocrx_word' id='word_1_105' title='bbox 317 1459 441 1539; x_wconf 86' lang='lat' dir='ltr'><strong>quippe,</strong></span> <span class='ocrx_word' id='word_1_106' title='bbox 457 1459 596 1519; x_wconf 90' lang='lat' dir='ltr'><strong>ordinans</strong></span> <span class='ocrx_word' id='word_1_107' title='bbox 610 1479 629 1518; x_wconf 94' lang='lat' dir='ltr'><strong>a</strong></span> <span class='ocrx_word' id='word_1_108' title='bbox 642 1467 725 1536; x_wconf 88' lang='lat' dir='ltr'><strong>tergo</strong></span> <span class='ocrx_word' id='word_1_109' title='bbox 739 1458 885 1528; x_wconf 88' lang='lat' dir='ltr'><strong>omnibus,</strong></span> <span class='ocrx_word' id='word_1_110' title='bbox 901 1458 1033 1536; x_wconf 87' lang='lat' dir='ltr'><strong>quamvis</strong></span> <span class='ocrx_word' id='word_1_111' title='bbox 1045 1456 1139 1518; x_wconf 83' lang='lat' dir='ltr'><strong>biems</strong></span> <span class='ocrx_word' id='word_1_112' title='bbox 1153 1459 1250 1521; x_wconf 84' lang='lat' dir='ltr'><strong>media</strong></span> 
     </span>
     <span class='ocr_line' id='line_1_13' title="bbox 143 1562 1249 1645; baseline 0.005 -24"><span class='ocrx_word' id='word_1_113' title='bbox 143 1563 316 1641; x_wconf 90' lang='lat' dir='ltr'><strong>prohiberet</strong></span> <span class='ocrx_word' id='word_1_114' title='bbox 330 1573 514 1645; x_wconf 86' lang='lat' dir='ltr'><strong>tempestate,</strong></span> <span class='ocrx_word' id='word_1_115' title='bbox 525 1565 562 1625; x_wconf 90' lang='lat' dir='ltr'><strong>ad</strong></span> <span class='ocrx_word' id='word_1_116' title='bbox 577 1565 690 1626; x_wconf 90' lang='lat' dir='ltr'><strong>bellum</strong></span> <span class='ocrx_word' id='word_1_117' title='bbox 704 1562 872 1642; x_wconf 83' lang='lat' dir='ltr'><strong>navigavit:</strong></span> <span class='ocrx_word' id='word_1_118' title='bbox 892 1563 1055 1642; x_wconf 87' lang='lat' dir='ltr'><strong>positisque</strong></span> <span class='ocrx_word' id='word_1_119' title='bbox 1069 1563 1108 1623; x_wconf 90' lang='lat' dir='ltr'><strong>ad</strong></span> <span class='ocrx_word' id='word_1_120' title='bbox 1124 1565 1249 1626; x_wconf 88' lang='lat' dir='ltr'><strong>Oricum</strong></span> 
     </span>
     <span class='ocr_line' id='line_1_14' title="bbox 144 1668 1250 1749; baseline 0.004 -23"><span class='ocrx_word' id='word_1_121' title='bbox 144 1669 260 1741; x_wconf 83' lang='lat' dir='ltr'><strong>castris,</strong></span> <span class='ocrx_word' id='word_1_122' title='bbox 281 1689 348 1730; x_wconf 93' lang='lat' dir='ltr'><strong>cum</strong></span> <span class='ocrx_word' id='word_1_123' title='bbox 369 1689 437 1749; x_wconf 88' lang='lat' dir='ltr'><strong>pars</strong></span> <span class='ocrx_word' id='word_1_124' title='bbox 452 1671 599 1732; x_wconf 83' lang='lat' dir='ltr'><strong>exercitus</strong></span> <span class='ocrx_word' id='word_1_125' title='bbox 621 1671 662 1730; x_wconf 92' lang='lat' dir='ltr'><strong>ob</strong></span> <span class='ocrx_word' id='word_1_126' title='bbox 684 1668 814 1748; x_wconf 87' lang='lat' dir='ltr'><strong>inopiam</strong></span> <span class='ocrx_word' id='word_1_127' title='bbox 835 1668 950 1728; x_wconf 84' lang='lat' dir='ltr'><strong>nauium</strong></span> <span class='ocrx_word' id='word_1_128' title='bbox 972 1685 1039 1727; x_wconf 89' lang='lat' dir='ltr'><strong>curn</strong></span> <span class='ocrx_word' id='word_1_129' title='bbox 1060 1669 1193 1729; x_wconf 79' lang='lat' dir='ltr'><strong>Antonio</strong></span> <span class='ocrx_word' id='word_1_130' title='bbox 1206 1668 1250 1730; x_wconf 88' lang='lat' dir='ltr'><strong>di·</strong></span> 
     </span>
     <span class='ocr_line' id='line_1_15' title="bbox 144 1759 1250 1852; baseline 0.002 -18"><span class='ocrx_word' id='word_1_131' title='bbox 144 1773 247 1852; x_wconf 87' lang='lat' dir='ltr'><strong>missa,</strong></span> <span class='ocrx_word' id='word_1_132' title='bbox 269 1776 429 1836; x_wconf 72' lang='lat' dir='ltr'><strong>Brundusii</strong></span> <span class='ocrx_word' id='word_1_133' title='bbox 444 1795 554 1836; x_wconf 90' lang='lat' dir='ltr'><strong>moram</strong></span> <span class='ocrx_word' id='word_1_134' title='bbox 567 1773 692 1844; x_wconf 60' lang='lat' dir='ltr'><strong>sincerem</strong></span> <span class='ocrx_word' id='word_1_135' title='bbox 713 1773 789 1834; x_wconf 88' lang='lat' dir='ltr'><strong>adeo</strong></span> <span class='ocrx_word' id='word_1_136' title='bbox 800 1772 955 1852; x_wconf 90' lang='lat' dir='ltr'><strong>impatiens</strong></span> <span class='ocrx_word' id='word_1_137' title='bbox 967 1780 1038 1846; x_wconf 88' lang='lat' dir='ltr'><strong>erat,</strong></span> <span class='ocrx_word' id='word_1_138' title='bbox 1060 1781 1094 1833; x_wconf 93' lang='lat' dir='ltr'><strong>ut</strong></span> <span class='ocrx_word' id='word_1_139' title='bbox 1104 1775 1141 1834; x_wconf 90' lang='lat' dir='ltr'><strong>ad</strong></span> <span class='ocrx_word' id='word_1_140' title='bbox 1151 1759 1250 1836; x_wconf 58' lang='lat' dir='ltr'><strong>arcesss</strong></span> 
     </span>
     <span class='ocr_line' id='line_1_16' title="bbox 144 1878 1252 1957; baseline 0.003 -21"><span class='ocrx_word' id='word_1_141' title='bbox 144 1879 254 1940; x_wconf 87' lang='lat' dir='ltr'><strong>sendus</strong></span> <span class='ocrx_word' id='word_1_142' title='bbox 268 1901 332 1953; x_wconf 89' lang='lat' dir='ltr'><strong>eos,</strong></span> <span class='ocrx_word' id='word_1_143' title='bbox 342 1881 463 1941; x_wconf 90' lang='lat' dir='ltr'><strong>ardente</strong></span> <span class='ocrx_word' id='word_1_144' title='bbox 477 1881 570 1940; x_wconf 84' lang='lat' dir='ltr'><strong>ventis</strong></span> <span class='ocrx_word' id='word_1_145' title='bbox 584 1883 665 1951; x_wconf 87' lang='lat' dir='ltr'><strong>mari,</strong></span> <span class='ocrx_word' id='word_1_146' title='bbox 687 1887 775 1939; x_wconf 89' lang='lat' dir='ltr'><strong>nocte</strong></span> <span class='ocrx_word' id='word_1_147' title='bbox 786 1878 940 1950; x_wconf 83' lang='lat' dir='ltr'><strong>concubia,</strong></span> <span class='ocrx_word' id='word_1_148' title='bbox 957 1879 1156 1957; x_wconf 87' lang='lat' dir='ltr'><strong>speculatorio</strong></span> <span class='ocrx_word' id='word_1_149' title='bbox 1169 1879 1252 1941; x_wconf 85' lang='lat' dir='ltr'><strong>navi-</strong></span> 
     </span>
     <span class='ocr_line' id='line_1_17' title="bbox 145 1983 1250 2064; baseline -0.004 -20"><span class='ocrx_word' id='word_1_150' title='bbox 145 1985 204 2063; x_wconf 88' lang='lat' dir='ltr'><strong>gio,</strong></span> <span class='ocrx_word' id='word_1_151' title='bbox 219 1987 300 2046; x_wconf 85' lang='lat' dir='ltr'><strong>solus</strong></span> <span class='ocrx_word' id='word_1_152' title='bbox 318 1985 359 2046; x_wconf 89' lang='lat' dir='ltr'><strong>ire</strong></span> <span class='ocrx_word' id='word_1_153' title='bbox 373 1988 535 2046; x_wconf 89' lang='lat' dir='ltr'><strong>tentaverit.</strong></span> <span class='ocrx_word' id='word_1_154' title='bbox 578 1988 683 2046; x_wconf 84' lang='lat' dir='ltr'><strong>Exstat</strong></span> <span class='ocrx_word' id='word_1_155' title='bbox 698 1985 737 2044; x_wconf 90' lang='lat' dir='ltr'><strong>ad</strong></span> <span class='ocrx_word' id='word_1_156' title='bbox 751 1983 900 2063; x_wconf 86' lang='lat' dir='ltr'><strong>trepidum</strong></span> <span class='ocrx_word' id='word_1_157' title='bbox 919 1991 1001 2043; x_wconf 87' lang='lat' dir='ltr'><strong>tauto</strong></span> <span class='ocrx_word' id='word_1_158' title='bbox 1014 1983 1183 2044; x_wconf 89' lang='lat' dir='ltr'><strong>discrimine</strong></span> <span class='ocrx_word' id='word_1_159' title='bbox 1194 2005 1250 2064; x_wconf 90' lang='lat' dir='ltr'><strong>gu.</strong></span> 
     </span>
     <span class='ocr_line' id='line_1_18' title="bbox 145 2087 1250 2170; baseline 0 -18"><span class='ocrx_word' id='word_1_160' title='bbox 145 2092 334 2152; x_wconf 87' lang='lat' dir='ltr'><strong>bernatorem</strong></span> <span class='ocrx_word' id='word_1_161' title='bbox 348 2091 527 2170; x_wconf 77' lang='lat' dir='ltr'><strong>vosipsius:</strong></span> <span class='ocrx_word' id='word_1_162' title='bbox 550 2090 632 2160; x_wconf 87' lang='lat' dir='ltr'><strong>Quid</strong></span> <span class='ocrx_word' id='word_1_163' title='bbox 650 2091 756 2150; x_wconf 81' lang='lat' dir='ltr'><strong>timesl</strong></span> <span class='ocrx_word' id='word_1_164' title='bbox 777 2090 926 2149; x_wconf 76' lang='lat' dir='ltr'><strong>Caesarem</strong></span> <span class='ocrx_word' id='word_1_165' title='bbox 949 2087 1041 2150; x_wconf 82' lang='lat' dir='ltr'><strong>vebis.</strong></span> <span class='ocrx_word' id='word_1_166' title='bbox 1083 2091 1250 2160; x_wconf 86' lang='lat' dir='ltr'><strong>Contractis</strong></span> 
     </span>
     <span class='ocr_line' id='line_1_19' title="bbox 144 2195 1251 2278; baseline 0.002 -22"><span class='ocrx_word' id='word_1_167' title='bbox 144 2197 175 2256; x_wconf 90' lang='lat' dir='ltr'><strong>in</strong></span> <span class='ocrx_word' id='word_1_168' title='bbox 199 2217 290 2258; x_wconf 92' lang='lat' dir='ltr'><strong>unum</strong></span> <span class='ocrx_word' id='word_1_169' title='bbox 319 2197 450 2275; x_wconf 90' lang='lat' dir='ltr'><strong>undique</strong></span> <span class='ocrx_word' id='word_1_170' title='bbox 474 2195 611 2256; x_wconf 91' lang='lat' dir='ltr'><strong>omnibus</strong></span> <span class='ocrx_word' id='word_1_171' title='bbox 635 2195 739 2274; x_wconf 91' lang='lat' dir='ltr'><strong>copiis,</strong></span> <span class='ocrx_word' id='word_1_172' title='bbox 760 2195 923 2274; x_wconf 87' lang='lat' dir='ltr'><strong>positisque</strong></span> <span class='ocrx_word' id='word_1_173' title='bbox 947 2195 1111 2256; x_wconf 90' lang='lat' dir='ltr'><strong>comminus</strong></span> <span class='ocrx_word' id='word_1_174' title='bbox 1134 2197 1251 2278; x_wconf 84' lang='lat' dir='ltr'><strong>castris,</strong></span> 
     </span>
     <span class='ocr_line' id='line_1_20' title="bbox 145 2299 1253 2382; baseline 0 -20"><span class='ocrx_word' id='word_1_175' title='bbox 145 2301 261 2362; x_wconf 82' lang='lat' dir='ltr'><strong>diversa</strong></span> <span class='ocrx_word' id='word_1_176' title='bbox 281 2311 364 2362; x_wconf 86' lang='lat' dir='ltr'><strong>eraut</strong></span> <span class='ocrx_word' id='word_1_177' title='bbox 383 2301 492 2362; x_wconf 90' lang='lat' dir='ltr'><strong>ducum</strong></span> <span class='ocrx_word' id='word_1_178' title='bbox 516 2301 648 2361; x_wconf 90' lang='lat' dir='ltr'><strong>consilia.</strong></span> <span class='ocrx_word' id='word_1_179' title='bbox 691 2301 792 2360; x_wconf 83' lang='lat' dir='ltr'><strong>Casnr</strong></span> <span class='ocrx_word' id='word_1_180' title='bbox 813 2319 869 2380; x_wconf 90' lang='lat' dir='ltr'><strong>pro</strong></span> <span class='ocrx_word' id='word_1_181' title='bbox 891 2299 1111 2382; x_wconf 75' lang='lat' dir='ltr'><strong>naturalem,</strong></span> <span class='ocrx_word' id='word_1_182' title='bbox 1131 2310 1163 2361; x_wconf 90' lang='lat' dir='ltr'><strong>et</strong></span> <span class='ocrx_word' id='word_1_183' title='bbox 1183 2321 1253 2364; x_wconf 89' lang='lat' dir='ltr'><strong>cou-</strong></span> 
     </span>
     <span class='ocr_line' id='line_1_21' title="bbox 146 2404 1252 2486; baseline 0.003 -19"><span class='ocrx_word' id='word_1_184' title='bbox 146 2405 285 2468; x_wconf 80' lang='lat' dir='ltr'><strong>liciendae</strong></span> <span class='ocrx_word' id='word_1_185' title='bbox 299 2408 342 2468; x_wconf 88' lang='lat' dir='ltr'><strong>rei</strong></span> <span class='ocrx_word' id='word_1_186' title='bbox 356 2407 492 2486; x_wconf 91' lang='lat' dir='ltr'><strong>cupidus,</strong></span> <span class='ocrx_word' id='word_1_187' title='bbox 512 2415 661 2468; x_wconf 89' lang='lat' dir='ltr'><strong>ostentare</strong></span> <span class='ocrx_word' id='word_1_188' title='bbox 679 2404 784 2477; x_wconf 89' lang='lat' dir='ltr'><strong>aciem,</strong></span> <span class='ocrx_word' id='word_1_189' title='bbox 799 2424 974 2484; x_wconf 89' lang='lat' dir='ltr'><strong>provocare,</strong></span> <span class='ocrx_word' id='word_1_190' title='bbox 997 2405 1151 2478; x_wconf 81' lang='lat' dir='ltr'><strong>lacessere,</strong></span> <span class='ocrx_word' id='word_1_191' title='bbox 1172 2427 1252 2472; x_wconf 87' lang='lat' dir='ltr'><strong>nuuc</strong></span> 
     </span>
     <span class='ocr_line' id='line_1_22' title="bbox 146 2511 1253 2592; baseline 0.002 -20"><span class='ocrx_word' id='word_1_192' title='bbox 146 2513 303 2573; x_wconf 86' lang='lat' dir='ltr'><strong>obsidione</strong></span> <span class='ocrx_word' id='word_1_193' title='bbox 327 2523 500 2588; x_wconf 88' lang='lat' dir='ltr'><strong>castrorum,</strong></span> <span class='ocrx_word' id='word_1_194' title='bbox 533 2533 601 2592; x_wconf 80' lang='lat' dir='ltr'><strong>quae</strong></span> <span class='ocrx_word' id='word_1_195' title='bbox 622 2521 707 2572; x_wconf 85' lang='lat' dir='ltr'><strong>erant</strong></span> <span class='ocrx_word' id='word_1_196' title='bbox 729 2511 857 2572; x_wconf 78' lang='lat' dir='ltr'><strong>sedecim</strong></span> <span class='ocrx_word' id='word_1_197' title='bbox 880 2511 1000 2571; x_wconf 88' lang='lat' dir='ltr'><strong>millium</strong></span> <span class='ocrx_word' id='word_1_198' title='bbox 1019 2511 1253 2574; x_wconf 80' lang='lat' dir='ltr'><strong>vallo=obducta</strong></span> 
     </span>
     <span class='ocr_line' id='line_1_23' title="bbox 145 2615 1251 2708; baseline 0.002 -31"><span class='ocrx_word' id='word_1_199' title='bbox 145 2617 210 2694; x_wconf 87' lang='lat' dir='ltr'><strong>(sed</strong></span> <span class='ocrx_word' id='word_1_200' title='bbox 230 2617 303 2696; x_wconf 90' lang='lat' dir='ltr'><strong>quid</strong></span> <span class='ocrx_word' id='word_1_201' title='bbox 326 2619 370 2678; x_wconf 92' lang='lat' dir='ltr'><strong>bis</strong></span> <span class='ocrx_word' id='word_1_202' title='bbox 393 2621 514 2680; x_wconf 87' lang='lat' dir='ltr'><strong>obesset</strong></span> <span class='ocrx_word' id='word_1_203' title='bbox 534 2617 663 2708; x_wconf 87' lang='lat' dir='ltr'><strong>obsidio,</strong></span> <span class='ocrx_word' id='word_1_204' title='bbox 686 2615 738 2695; x_wconf 87' lang='lat' dir='ltr'><strong>qui</strong></span> <span class='ocrx_word' id='word_1_205' title='bbox 761 2624 882 2694; x_wconf 88' lang='lat' dir='ltr'><strong>patente</strong></span> <span class='ocrx_word' id='word_1_206' title='bbox 903 2616 977 2676; x_wconf 86' lang='lat' dir='ltr'><strong>mari</strong></span> <span class='ocrx_word' id='word_1_207' title='bbox 1001 2617 1138 2676; x_wconf 87' lang='lat' dir='ltr'><strong>omnibus</strong></span> <span class='ocrx_word' id='word_1_208' title='bbox 1157 2619 1251 2698; x_wconf 91' lang='lat' dir='ltr'><strong>copiis</strong></span> 
     </span>
     <span class='ocr_line' id='line_1_24' title="bbox 145 2721 1252 2807; baseline 0.005 -23"><span class='ocrx_word' id='word_1_209' title='bbox 145 2721 333 2784; x_wconf 83' lang='lat' dir='ltr'><strong>abundarent</strong></span> <span class='ocrx_word' id='word_1_210' title='bbox 342 2728 368 2800; x_wconf 88' lang='lat' dir='ltr'><strong>l)</strong></span> <span class='ocrx_word' id='word_1_211' title='bbox 389 2745 467 2785; x_wconf 89' lang='lat' dir='ltr'><strong>nuuc</strong></span> <span class='ocrx_word' id='word_1_212' title='bbox 482 2723 701 2804; x_wconf 84' lang='lat' dir='ltr'><strong>expugnatione</strong></span> <span class='ocrx_word' id='word_1_213' title='bbox 720 2723 899 2802; x_wconf 87' lang='lat' dir='ltr'><strong>Dyrrbaobii</strong></span> <span class='ocrx_word' id='word_1_214' title='bbox 909 2723 1001 2796; x_wconf 87' lang='lat' dir='ltr'><strong>irrita,</strong></span> <span class='ocrx_word' id='word_1_215' title='bbox 1023 2727 1148 2807; x_wconf 85' lang='lat' dir='ltr'><strong>(quippe</strong></span> <span class='ocrx_word' id='word_1_216' title='bbox 1162 2747 1252 2806; x_wconf 83' lang='lat' dir='ltr'><strong>quam</strong></span> 
     </span>
     <span class='ocr_line' id='line_1_25' title="bbox 146 2826 1253 2910; baseline 0.007 -24"><span class='ocrx_word' id='word_1_217' title='bbox 146 2829 195 2888; x_wconf 84' lang='lat' dir='ltr'><strong>rel</strong></span> <span class='ocrx_word' id='word_1_218' title='bbox 209 2829 285 2889; x_wconf 88' lang='lat' dir='ltr'><strong>situs</strong></span> <span class='ocrx_word' id='word_1_219' title='bbox 305 2829 563 2910; x_wconf 81' lang='lat' dir='ltr'><strong>inexpugnabilem</strong></span> <span class='ocrx_word' id='word_1_220' title='bbox 587 2828 711 2903; x_wconf 81' lang='lat' dir='ltr'><strong>laceret)</strong></span> <span class='ocrx_word' id='word_1_221' title='bbox 731 2826 769 2887; x_wconf 92' lang='lat' dir='ltr'><strong>ad</strong></span> <span class='ocrx_word' id='word_1_222' title='bbox 785 2827 853 2899; x_wconf 89' lang='lat' dir='ltr'><strong>boc,</strong></span> <span class='ocrx_word' id='word_1_223' title='bbox 875 2829 1000 2888; x_wconf 87' lang='lat' dir='ltr'><strong>assiduis</strong></span> <span class='ocrx_word' id='word_1_224' title='bbox 1019 2831 1049 2889; x_wconf 91' lang='lat' dir='ltr'><strong>in</strong></span> <span class='ocrx_word' id='word_1_225' title='bbox 1067 2832 1253 2910; x_wconf 88' lang='lat' dir='ltr'><strong>eruptionem</strong></span> 
     </span>
     <span class='ocr_line' id='line_1_26' title="bbox 147 2932 1256 3014; baseline 0.005 -20"><span class='ocrx_word' id='word_1_226' title='bbox 147 2934 276 2994; x_wconf 90' lang='lat' dir='ltr'><strong>bostium</strong></span> <span class='ocrx_word' id='word_1_227' title='bbox 286 2936 395 3012; x_wconf 75' lang='lat' dir='ltr'><strong>praeliis</strong></span> <span class='ocrx_word' id='word_1_228' title='bbox 408 2939 481 3014; x_wconf 90' lang='lat' dir='ltr'><strong>(quo</strong></span> <span class='ocrx_word' id='word_1_229' title='bbox 493 2943 624 3013; x_wconf 91' lang='lat' dir='ltr'><strong>tempore</strong></span> <span class='ocrx_word' id='word_1_230' title='bbox 633 2933 752 3013; x_wconf 88' lang='lat' dir='ltr'><strong>egregia</strong></span> <span class='ocrx_word' id='word_1_231' title='bbox 761 2932 855 2992; x_wconf 87' lang='lat' dir='ltr'><strong>virtus</strong></span> <span class='ocrx_word' id='word_1_232' title='bbox 867 2934 978 2994; x_wconf 74' lang='lat' dir='ltr'><strong>Scaeeae</strong></span> <span class='ocrx_word' id='word_1_233' title='bbox 989 2937 1173 2997; x_wconf 86' lang='lat' dir='ltr'><strong>centurionis</strong></span> <span class='ocrx_word' id='word_1_234' title='bbox 1186 2937 1256 2999; x_wconf 82' lang='lat' dir='ltr'><strong>emi·</strong></span> 
     </span>
     <span class='ocr_line' id='line_1_27' title="bbox 147 3039 1254 3120; baseline 0.006 -22"><span class='ocrx_word' id='word_1_235' title='bbox 147 3039 220 3107; x_wconf 86' lang='lat' dir='ltr'><strong>cuit.</strong></span> <span class='ocrx_word' id='word_1_236' title='bbox 240 3039 326 3116; x_wconf 77' lang='lat' dir='ltr'><strong>crqjus</strong></span> <span class='ocrx_word' id='word_1_237' title='bbox 350 3041 379 3100; x_wconf 94' lang='lat' dir='ltr'><strong>in</strong></span> <span class='ocrx_word' id='word_1_238' title='bbox 404 3051 490 3101; x_wconf 78' lang='lat' dir='ltr'><strong>scruto</strong></span> <span class='ocrx_word' id='word_1_239' title='bbox 515 3049 634 3101; x_wconf 89' lang='lat' dir='ltr'><strong>centum</strong></span> <span class='ocrx_word' id='word_1_240' title='bbox 654 3049 745 3118; x_wconf 91' lang='lat' dir='ltr'><strong>atque</strong></span> <span class='ocrx_word' id='word_1_241' title='bbox 765 3039 868 3117; x_wconf 82' lang='lat' dir='ltr'><strong>viginti</strong></span> <span class='ocrx_word' id='word_1_242' title='bbox 893 3039 953 3099; x_wconf 87' lang='lat' dir='ltr'><strong>tela</strong></span> <span class='ocrx_word' id='word_1_243' title='bbox 967 3040 1082 3118; x_wconf 87' lang='lat' dir='ltr'><strong>sedere)</strong></span> <span class='ocrx_word' id='word_1_244' title='bbox 1096 3040 1162 3120; x_wconf 89' lang='lat' dir='ltr'><strong>jam</strong></span> <span class='ocrx_word' id='word_1_245' title='bbox 1183 3061 1254 3105; x_wconf 80' lang='lat' dir='ltr'><strong>vero</strong></span> 
     </span>
     <span class='ocr_line' id='line_1_28' title="bbox 147 3143 1253 3234; baseline 0.006 -31"><span class='ocrx_word' id='word_1_246' title='bbox 147 3143 313 3224; x_wconf 89' lang='lat' dir='ltr'><strong>direptione</strong></span> <span class='ocrx_word' id='word_1_247' title='bbox 339 3147 454 3212; x_wconf 89' lang='lat' dir='ltr'><strong>urbium</strong></span> <span class='ocrx_word' id='word_1_248' title='bbox 480 3147 636 3216; x_wconf 87' lang='lat' dir='ltr'><strong>sociarum,</strong></span> <span class='ocrx_word' id='word_1_249' title='bbox 659 3165 725 3206; x_wconf 92' lang='lat' dir='ltr'><strong>cum</strong></span> <span class='ocrx_word' id='word_1_250' title='bbox 752 3145 879 3210; x_wconf 86' lang='lat' dir='ltr'><strong>Oricum</strong></span> <span class='ocrx_word' id='word_1_251' title='bbox 900 3155 931 3206; x_wconf 90' lang='lat' dir='ltr'><strong>et</strong></span> <span class='ocrx_word' id='word_1_252' title='bbox 955 3146 1121 3234; x_wconf 76' lang='lat' dir='ltr'><strong>Gomphos,</strong></span> <span class='ocrx_word' id='word_1_253' title='bbox 1143 3150 1253 3210; x_wconf 75' lang='lat' dir='ltr'><strong>etalio</strong></span> 
     </span>
     <span class='ocr_line' id='line_1_29' title="bbox 148 3250 1255 3330; baseline 0.005 -21"><span class='ocrx_word' id='word_1_254' title='bbox 148 3251 439 3312; x_wconf 80' lang='lat' dir='ltr'><strong>castellaTbessalize</strong></span> <span class='ocrx_word' id='word_1_255' title='bbox 451 3260 590 3312; x_wconf 84' lang='lat' dir='ltr'><strong>vastaret.</strong></span> <span class='ocrx_word' id='word_1_256' title='bbox 618 3250 779 3330; x_wconf 91' lang='lat' dir='ltr'><strong>Pompeius</strong></span> <span class='ocrx_word' id='word_1_257' title='bbox 790 3250 928 3312; x_wconf 85' lang='lat' dir='ltr'><strong>adversus</strong></span> <span class='ocrx_word' id='word_1_258' title='bbox 941 3251 1005 3312; x_wconf 79' lang='lat' dir='ltr'><strong>baec</strong></span> <span class='ocrx_word' id='word_1_259' title='bbox 1016 3263 1136 3314; x_wconf 86' lang='lat' dir='ltr'><strong>nectere</strong></span> <span class='ocrx_word' id='word_1_260' title='bbox 1147 3273 1255 3326; x_wconf 87' lang='lat' dir='ltr'><strong>moras,</strong></span> 
     </span>
     <span class='ocr_line' id='line_1_30' title="bbox 149 3343 1255 3438; baseline 0.005 -23"><span class='ocrx_word' id='word_1_261' title='bbox 149 3356 334 3434; x_wconf 84' lang='lat' dir='ltr'><strong>tergiversari</strong></span> <span class='ocrx_word' id='word_1_262' title='bbox 355 3358 451 3430; x_wconf 88' lang='lat' dir='ltr'><strong>simul,</strong></span> <span class='ocrx_word' id='word_1_263' title='bbox 467 3367 501 3419; x_wconf 91' lang='lat' dir='ltr'><strong>ut</strong></span> <span class='ocrx_word' id='word_1_264' title='bbox 515 3358 629 3418; x_wconf 88' lang='lat' dir='ltr'><strong>bostem</strong></span> <span class='ocrx_word' id='word_1_265' title='bbox 644 3358 835 3418; x_wconf 87' lang='lat' dir='ltr'><strong>interclusum</strong></span> <span class='ocrx_word' id='word_1_266' title='bbox 849 3343 982 3436; x_wconf 82' lang='lat' dir='ltr'><strong>undique</strong></span> <span class='ocrx_word' id='word_1_267' title='bbox 996 3358 1095 3438; x_wconf 88' lang='lat' dir='ltr'><strong>inopia</strong></span> <span class='ocrx_word' id='word_1_268' title='bbox 1109 3369 1255 3426; x_wconf 81' lang='lat' dir='ltr'><strong>courrnea·¹</strong></span> 
     </span>
     <span class='ocr_line' id='line_1_31' title="bbox 149 3462 1255 3546; baseline 0.005 -24"><span class='ocrx_word' id='word_1_269' title='bbox 149 3469 233 3522; x_wconf 86' lang='lat' dir='ltr'><strong>tuum</strong></span> <span class='ocrx_word' id='word_1_270' title='bbox 258 3467 390 3536; x_wconf 89' lang='lat' dir='ltr'><strong>terreret,</strong></span> <span class='ocrx_word' id='word_1_271' title='bbox 421 3473 513 3542; x_wconf 91' lang='lat' dir='ltr'><strong>utque</strong></span> <span class='ocrx_word' id='word_1_272' title='bbox 537 3462 735 3524; x_wconf 82' lang='lat' dir='ltr'><strong>ardentissimi</strong></span> <span class='ocrx_word' id='word_1_273' title='bbox 757 3463 843 3524; x_wconf 88' lang='lat' dir='ltr'><strong>ducis</strong></span> <span class='ocrx_word' id='word_1_274' title='bbox 865 3471 1091 3526; x_wconf 87' lang='lat' dir='ltr'><strong>consenesceret</strong></span> <span class='ocrx_word' id='word_1_275' title='bbox 1116 3465 1255 3546; x_wconf 87' lang='lat' dir='ltr'><strong>impetus.</strong></span> 
     </span>
     <span class='ocr_line' id='line_1_32' title="bbox 148 3551 1256 3648; baseline 0.003 -21"><span class='ocrx_word' id='word_1_276' title='bbox 148 3567 216 3627; x_wconf 77' lang='lat' dir='ltr'><strong>Nec</strong></span> <span class='ocrx_word' id='word_1_277' title='bbox 228 3567 339 3629; x_wconf 87' lang='lat' dir='ltr'><strong>diutius</strong></span> <span class='ocrx_word' id='word_1_278' title='bbox 352 3569 465 3648; x_wconf 82' lang='lat' dir='ltr'><strong>profuit</strong></span> <span class='ocrx_word' id='word_1_279' title='bbox 478 3551 549 3628; x_wconf 88' lang='lat' dir='ltr'><strong>duci</strong></span> <span class='ocrx_word' id='word_1_280' title='bbox 568 3569 696 3629; x_wconf 85' lang='lat' dir='ltr'><strong>salutare</strong></span> <span class='ocrx_word' id='word_1_281' title='bbox 717 3569 881 3630; x_wconf 81' lang='lat' dir='ltr'><strong>consiliunt.</strong></span> <span class='ocrx_word' id='word_1_282' title='bbox 923 3567 1036 3630; x_wconf 86' lang='lat' dir='ltr'><strong>Milites</strong></span> <span class='ocrx_word' id='word_1_283' title='bbox 1055 3570 1158 3644; x_wconf 84' lang='lat' dir='ltr'><strong>otium,</strong></span> <span class='ocrx_word' id='word_1_284' title='bbox 1181 3571 1256 3633; x_wconf 84' lang='lat' dir='ltr'><strong>socii</strong></span> 
     </span>
     <span class='ocr_line' id='line_1_33' title="bbox 149 3674 1256 3757; baseline 0.001 -24"><span class='ocrx_word' id='word_1_285' title='bbox 149 3691 273 3746; x_wconf 84' lang='lat' dir='ltr'><strong>moram,</strong></span> <span class='ocrx_word' id='word_1_286' title='bbox 294 3675 444 3754; x_wconf 86' lang='lat' dir='ltr'><strong>principes</strong></span> <span class='ocrx_word' id='word_1_287' title='bbox 459 3675 603 3735; x_wconf 89' lang='lat' dir='ltr'><strong>ambitum</strong></span> <span class='ocrx_word' id='word_1_288' title='bbox 632 3675 717 3735; x_wconf 90' lang='lat' dir='ltr'><strong>ducis</strong></span> <span class='ocrx_word' id='word_1_289' title='bbox 738 3674 939 3754; x_wconf 87' lang='lat' dir='ltr'><strong>increpabant.</strong></span> <span class='ocrx_word' id='word_1_290' title='bbox 990 3677 1039 3736; x_wconf 87' lang='lat' dir='ltr'><strong>Sic</strong></span> <span class='ocrx_word' id='word_1_291' title='bbox 1063 3677 1256 3757; x_wconf 76' lang='lat' dir='ltr'><strong>precipitan-</strong></span> 
     </span>
     <span class='ocr_line' id='line_1_34' title="bbox 148 3777 1254 3862; baseline 0.007 -26"><span class='ocrx_word' id='word_1_292' title='bbox 148 3777 230 3840; x_wconf 86' lang='lat' dir='ltr'><strong>tibus</strong></span> <span class='ocrx_word' id='word_1_293' title='bbox 253 3778 332 3851; x_wconf 81' lang='lat' dir='ltr'><strong>latis,</strong></span> <span class='ocrx_word' id='word_1_294' title='bbox 354 3780 458 3859; x_wconf 85' lang='lat' dir='ltr'><strong>proelio</strong></span> <span class='ocrx_word' id='word_1_295' title='bbox 486 3787 583 3840; x_wconf 89' lang='lat' dir='ltr'><strong>sumta</strong></span> <span class='ocrx_word' id='word_1_296' title='bbox 606 3787 652 3839; x_wconf 89' lang='lat' dir='ltr'><strong>est</strong></span> <span class='ocrx_word' id='word_1_297' title='bbox 672 3779 847 3842; x_wconf 82' lang='lat' dir='ltr'><strong>Thessalia:</strong></span> <span class='ocrx_word' id='word_1_298' title='bbox 877 3790 909 3840; x_wconf 90' lang='lat' dir='ltr'><strong>et</strong></span> <span class='ocrx_word' id='word_1_299' title='bbox 931 3779 1104 3858; x_wconf 86' lang='lat' dir='ltr'><strong>Philippicis</strong></span> <span class='ocrx_word' id='word_1_300' title='bbox 1129 3783 1254 3862; x_wconf 84' lang='lat' dir='ltr'><strong>campis,</strong></span> 
     </span>
     <span class='ocr_line' id='line_1_35' title="bbox 149 3881 1256 3965; baseline 0.005 -24"><span class='ocrx_word' id='word_1_301' title='bbox 149 3881 241 3953; x_wconf 82' lang='lat' dir='ltr'><strong>urbis,</strong></span> <span class='ocrx_word' id='word_1_302' title='bbox 272 3883 396 3963; x_wconf 84' lang='lat' dir='ltr'><strong>inperii,</strong></span> <span class='ocrx_word' id='word_1_303' title='bbox 420 3886 536 3964; x_wconf 88' lang='lat' dir='ltr'><strong>generis</strong></span> <span class='ocrx_word' id='word_1_304' title='bbox 565 3883 684 3945; x_wconf 88' lang='lat' dir='ltr'><strong>humani</strong></span> <span class='ocrx_word' id='word_1_305' title='bbox 703 3885 765 3946; x_wconf 84' lang='lat' dir='ltr'><strong>fata</strong></span> <span class='ocrx_word' id='word_1_306' title='bbox 792 3886 947 3946; x_wconf 85' lang='lat' dir='ltr'><strong>commissa</strong></span> <span class='ocrx_word' id='word_1_307' title='bbox 975 3893 1052 3946; x_wconf 86' lang='lat' dir='ltr'><strong>sunt.</strong></span> <span class='ocrx_word' id='word_1_308' title='bbox 1093 3885 1256 3965; x_wconf 89' lang='lat' dir='ltr'><strong>Nunquam</strong></span> 
     </span>
     <span class='ocr_line' id='line_1_36' title="bbox 150 3971 1257 4072; baseline 0.006 -27"><span class='ocrx_word' id='word_1_309' title='bbox 150 3987 211 4046; x_wconf 85' lang='lat' dir='ltr'><strong>allo</strong></span> <span class='ocrx_word' id='word_1_310' title='bbox 223 3987 291 4047; x_wconf 89' lang='lat' dir='ltr'><strong>loco</strong></span> <span class='ocrx_word' id='word_1_311' title='bbox 303 3997 416 4050; x_wconf 84' lang='lat' dir='ltr'><strong>tantum</strong></span> <span class='ocrx_word' id='word_1_312' title='bbox 436 3971 540 4062; x_wconf 56' lang='lat' dir='ltr'><strong>uirium</strong></span> <span class='ocrx_word' id='word_1_313' title='bbox 566 3991 694 4070; x_wconf 88' lang='lat' dir='ltr'><strong>populus</strong></span> <span class='ocrx_word' id='word_1_314' title='bbox 709 3989 870 4062; x_wconf 80' lang='lat' dir='ltr'><strong>Romanus,</strong></span> <span class='ocrx_word' id='word_1_315' title='bbox 894 3999 1007 4051; x_wconf 89' lang='lat' dir='ltr'><strong>tautum</strong></span> <span class='ocrx_word' id='word_1_316' title='bbox 1027 3991 1179 4072; x_wconf 76' lang='lat' dir='ltr'><strong>diguitatis</strong></span> <span class='ocrx_word' id='word_1_317' title='bbox 1197 3992 1257 4052; x_wconf 83' lang='lat' dir='ltr'><strong>sor·</strong></span> 
     </span>
    </p>
   </div>
   <div class='ocr_carea' id='block_1_4' title="bbox 149 4093 1383 4282">
    <p class='ocr_par' dir='ltr' id='par_1_4' title="bbox 149 4093 1383 4282">
     <span class='ocr_line' id='line_1_37' title="bbox 150 4093 1383 4200; baseline 0.004 -46"><span class='ocrx_word' id='word_1_318' title='bbox 150 4097 222 4154; x_wconf 82' lang='lat' dir='ltr'><strong>tana</strong></span> <span class='ocrx_word' id='word_1_319' title='bbox 241 4093 325 4154; x_wconf 83' lang='lat' dir='ltr'><strong>vidit.</strong></span> <span class='ocrx_word' id='word_1_320' title='bbox 365 4096 650 4176; x_wconf 65' lang='lat' dir='ltr'><strong>&#39;liecentaamplius</strong></span> <span class='ocrx_word' id='word_1_321' title='bbox 671 4094 763 4156; x_wconf 87' lang='lat' dir='ltr'><strong>millia</strong></span> <span class='ocrx_word' id='word_1_322' title='bbox 781 4095 851 4156; x_wconf 89' lang='lat' dir='ltr'><strong>binc</strong></span> <span class='ocrx_word' id='word_1_323' title='bbox 873 4097 1004 4168; x_wconf 82' lang='lat' dir='ltr'><strong>stillico,</strong></span> <span class='ocrx_word' id='word_1_324' title='bbox 1019 4105 1127 4174; x_wconf 76' lang='lat' dir='ltr'><strong>preter</strong></span> <span class='ocrx_word' id='word_1_325' title='bbox 1147 4097 1256 4158; x_wconf 83' lang='lat' dir='ltr'><strong>auxilia</strong></span> <span class='ocrx_word' id='word_1_326' title='bbox 1381 4163 1383 4200; x_wconf 40' lang='grc' dir='ltr'><strong>ᾖ</strong></span> 
     </span>
     <span class='ocr_line' id='line_1_38' title="bbox 149 4200 1383 4282; baseline 0.005 -24"><span class='ocrx_word' id='word_1_327' title='bbox 149 4215 252 4277; x_wconf 80' lang='lat' dir='ltr'><strong>regum</strong></span> <span class='ocrx_word' id='word_1_328' title='bbox 273 4207 305 4258; x_wconf 87' lang='lat' dir='ltr'><strong>et</strong></span> <span class='ocrx_word' id='word_1_329' title='bbox 317 4209 446 4262; x_wconf 83' lang='lat' dir='ltr'><strong>senatur.</strong></span> <span class='ocrx_word' id='word_1_330' title='bbox 488 4201 650 4281; x_wconf 85' lang='lat' dir='ltr'><strong>Nunquam</strong></span> <span class='ocrx_word' id='word_1_331' title='bbox 664 4200 845 4264; x_wconf 85' lang='lat' dir='ltr'><strong>imminentis</strong></span> <span class='ocrx_word' id='word_1_332' title='bbox 860 4201 954 4262; x_wconf 84' lang='lat' dir='ltr'><strong>ruinee</strong></span> <span class='ocrx_word' id='word_1_333' title='bbox 975 4201 1174 4263; x_wconf 87' lang='lat' dir='ltr'><strong>manifestiora</strong></span> <span class='ocrx_word' id='word_1_334' title='bbox 1188 4221 1257 4282; x_wconf 91' lang='lat' dir='ltr'><strong>pro-</strong></span> <span class='ocrx_word' id='word_1_335' title='bbox 1381 4227 1383 4242; x_wconf 63' lang='lat'><strong>⁴</strong></span> 
     </span>
    </p>
   </div>
   <div class='ocr_carea' id='block_1_5' title="bbox 148 4299 1256 4388">
    <p class='ocr_par' dir='ltr' id='par_1_5' title="bbox 148 4299 1256 4388">
     <span class='ocr_line' id='line_1_39' title="bbox 148 4299 1256 4388; baseline 0.005 -23"><span class='ocrx_word' id='word_1_336' title='bbox 148 4299 240 4382; x_wconf 83' lang='lat' dir='ltr'><strong>digia,</strong></span> <span class='ocrx_word' id='word_1_337' title='bbox 263 4303 334 4386; x_wconf 81' lang='lat' dir='ltr'><strong>luga</strong></span> <span class='ocrx_word' id='word_1_338' title='bbox 345 4305 543 4383; x_wconf 84' lang='lat' dir='ltr'><strong>victimarum,</strong></span> <span class='ocrx_word' id='word_1_339' title='bbox 564 4309 707 4384; x_wconf 81' lang='lat' dir='ltr'><strong>examina,</strong></span> <span class='ocrx_word' id='word_1_340' title='bbox 721 4307 849 4388; x_wconf 88' lang='lat' dir='ltr'><strong>insignes</strong></span> <span class='ocrx_word' id='word_1_341' title='bbox 862 4307 991 4370; x_wconf 76' lang='lat' dir='ltr'><strong>interdiu</strong></span> <span class='ocrx_word' id='word_1_342' title='bbox 1004 4307 1144 4375; x_wconf 72' lang='lat' dir='ltr'><strong>tenebre.</strong></span> <span class='ocrx_word' id='word_1_343' title='bbox 1186 4307 1256 4374; x_wconf 82' lang='lat' dir='ltr'><strong>Dus</strong></span> 
     </span>
    </p>
   </div>
   <div class='ocr_carea' id='block_1_6' title="bbox 0 0 1414 4860">
    <p class='ocr_par' dir='ltr' id='par_1_6' title="bbox 0 0 1414 4860">
     <span class='ocr_line' id='line_1_40' title="bbox 0 0 1414 4860; baseline 0 0"><span class='ocrx_word' id='word_1_344' title='bbox 0 0 1414 4860; x_wconf 95' lang='lat' dir='ltr'><strong> </strong></span> 
     </span>
    </p>
   </div>
  </div>
 </body>
</html>
