2650 4846
148 277 213 346 16⁰
429 270 481 340 Μ.
501 303 504 310 ’
524 264 728 342 ΔΝΝΕΙ
772 263 993 340 LUCANI

150 451 324 536 Agnoscis
343 467 507 535 superos:
528 449 743 534 nequeenim
757 449 820 516 tibi
835 449 945 534 major
958 450 994 514 in
1008 447 1103 514 urvis

151 562 318 629 Emathiis
334 560 470 625 loetum
483 558 558 636 fuit,
583 577 647 624 nec
665 558 840 625 Phocidos
854 559 956 626 undis

150 672 333 748 Massiliae,
356 669 482 734 Phario
497 685 561 734 nec
575 674 707 734 tantum
720 674 774 734 est
788 647 927 752 aequore
945 671 1091 752 gestum.

150 784 232 850 Hoc
248 781 417 866 siquidem
433 779 509 844 solo
524 779 636 844 civilis
652 781 792 847 crimine
806 779 890 844 belli

151 894 235 960 Dux
250 910 366 957 causae
387 889 537 954 melioris
553 891 631 954 cris.
651 891 786 974 polluta
800 889 949 956 nefanda

150 1003 299 1087 Agmina
314 1000 409 1066 coede
424 1000 532 1064 duces
541 999 672 1084 jemctis
687 1001 896 1066 committere
911 1000 1033 1065 castris

150 1109 233 1182 Non
247 1114 383 1190 audent,
405 1112 618 1202 altaequclad
631 1112 761 1208 moeniu
779 1129 895 1176 rursus
909 1110 1033 1176 Ilerdae

150 1225 328 1292 intendere
349 1223 476 1306 fugam.
498 1239 641 1306 campos
656 1240 762 1306 eques
780 1222 903 1287 obvius
920 1240 1043 1286 omnes

149 1333 313 1412 Abstulit,
334 1340 370 1399 et
383 1333 486 1398 siccis
501 1333 641 1398 inclusit
660 1332 808 1397 collibus
825 1330 969 1396 hostem.

55 1485 59 1498 ·
79 1451 87 1466 “
126 1517 133 1555 ⁴
149 1445 247 1510 utne
262 1446 383 1528 inopes
398 1443 499 1508 undae
514 1449 688 1528 praerupta
702 1443 835 1524 cingere
856 1441 954 1508 fossa

22 1621 38 1673 ’ἱ
55 1579 87 1652 „¹
149 1553 267 1621 Caesar
282 1559 371 1630 avet,
391 1573 454 1618 nco
471 1559 585 1618 castra
603 1553 676 1637 pati
697 1553 891 1634 contingere
905 1551 1011 1636 ripas,

13 1662 57 1719 ν’
148 1667 220 1732 Aut
234 1666 362 1732 circum
376 1665 491 1748 largos
506 1665 639 1729 ceervari
658 1662 800 1728 brachia
813 1661 937 1728 sontes.
967 1729 969 1735 s

193 1775 242 1842 Ut
255 1776 314 1841 leti
330 1775 445 1840 videre
463 1776 568 1852 mam,
585 1789 770 1838 conversus
790 1772 827 1836 in
840 1772 925 1836 mem

150 1885 368 1970 Praecipitem
384 1887 483 1952 timor
498 1891 561 1949 est.
584 1883 683 1948 miles
697 1902 768 1948 non
784 1884 869 1948 utile
889 1884 1017 1948 clausis

146 1995 328 2062 Auxilium
338 1996 503 2062 mactavit
520 2012 650 2078 equos:¹
671 1992 876 2077 tandemque
891 1999 1035 2058 coactus

146 2105 216 2190 Spe
231 2107 350 2194 posita
368 2106 528 2170 daennare
543 2104 670 2185 fugam,
693 2119 835 2168 casurus
856 2105 897 2168 in
907 2103 1026 2170 hostes

148 2215 278 2280 Fertur.
311 2214 360 2279 Ut
377 2214 485 2279 effuso
507 2212 626 2277 Coesar
641 2212 818 2281 decurrere
831 2233 938 2297 passu

147 2323 256 2402 vidit,
271 2330 306 2389 et
321 2324 366 2388 ad
381 2329 513 2390 certam
529 2321 672 2387 devotos
687 2322 823 2388 tendere
837 2331 1001 2392 mortem:

278 2511 387 2561 estnec,
417 2545 422 2557 .
485 2507 618 2558 Ξὸᾶατιηὺ.
700 2509 968 2559 257tontumnecinae.
981 2519 1070 2576 gestum
1081 2521 1122 2559 eet.

369 2577 417 2626 259
427 2573 526 2635 spoliato.
624 2569 672 2620 tio
683 2570 771 2620 tutem.
857 2576 905 2622 272
916 2589 1013 2623 cunm.

150 2739 203 2790 llos.
232 2740 297 2786 Dece
315 2739 359 2786 tibi
379 2739 483 2786 faventes
501 2736 627 2799 agnosciu
647 2735 687 2796 qui
711 2749 789 2783 eorum
810 2737 983 2786 difficultatibus
999 2738 1166 2796 clmnmsenti,
1178 2741 1256 2788 ooeeeia
1285 2783 1289 2790 .

150 2817 242 2851 causaue
258 2810 321 2850 terem
336 2819 382 2850 non
393 2802 484 2850 felicem
498 2809 594 2858 unium,
606 2802 648 2848 sed
664 2807 688 2847 et
712 2800 767 2848 llum
778 2802 873 2863 capiunt
884 2803 915 2851 de
930 2804 1067 2852 resedendo
1083 2806 1114 2851 ed
1124 2805 1238 2854 neren

150 2867 300 2918 beonbilem
311 2867 407 2916 isoiunt.
745 2868 800 2916 265.
820 2865 900 2915 Castro
913 2869 972 2928 poti,
988 2867 1046 2931 &e.]
1063 2869 1146 2916 Ate-en.
1166 2878 1253 2918 oestro-

185 2935 240 2983 255.
259 2931 337 2994 Neque
360 2933 419 2980 enim
438 2932 488 2986 tibi,
515 2928 572 2992 &e.]
605 2929 688 2990 Neque
712 2946 764 2977 eom
779 2926 1255 2994 procurrentapmnetisltnnsede

152 2997 212 3045 enim
223 3000 332 3058 maJorem
343 2997 465 3058 gloriasse
483 2995 579 3044 victorie
591 2995 688 3042 Pharsa-
713 2996 797 3042 castris
813 2996 842 3043 sd
859 3011 939 3046 amnes
955 3003 994 3048 ant
1009 2997 1096 3054 sontes,
1107 3015 1157 3046 noe
1174 3014 1256 3063 passas

150 3061 197 3120 lios
216 3062 366 3116 Massiliensi,
382 3061 539 3110 Alexandrina
557 3058 689 3120 reponenti,
713 3063 845 3108 estcoesar.

152 3141 262 3188 quamex
277 3127 319 3173 boo
333 3133 373 3173 tua
387 3125 510 3173 olemunde
524 3132 548 3172 et
564 3125 689 3171 iracundiae
746 3128 802 3175 267.
822 3123 852 3172 Ut
870 3125 910 3173 leti
927 3127 1001 3175 uidae
1018 3126 1088 3185 olom,
1103 3126 1164 3190 &e.]
1188 3129 1256 3175 Post·

152 3189 258 3244 eiotorie,
265 3191 312 3236 imo
320 3197 344 3237 et
353 3191 406 3237 hino
417 3192 484 3238 Deos
489 3191 648 3254 fortunamque
660 3189 688 3234 ti·
713 3205 781 3250 quam
791 3189 837 3238 sibi
848 3191 910 3238 eallo
928 3199 996 3254 atquo
1011 3193 1073 3240 losse
1084 3192 1255 3240 circumventis

152 3254 179 3301 bi
190 3253 344 3301 devinctiores
355 3253 497 3304 demeruisti.
514 3253 565 3301 cto.
575 3267 618 3314 pro
627 3255 689 3312 ilar·
713 3261 738 3300 et
749 3254 866 3314 aquetioui
882 3255 1015 3304 interclusis
1030 3257 1113 3304 mortis
1124 3258 1256 3306 nmin-

152 3315 221 3373 oello,
233 3317 264 3376 Q.
274 3319 377 3378 Ligario,
389 3318 435 3367 &a
714 3324 761 3366 tem
771 3317 891 3366 imminere
899 3320 988 3378 eidsut,
995 3337 1044 3370 rem
1051 3321 1113 3369 leaeo
1124 3321 1256 3370 decernam

186 3385 242 3432 2⁵6.
261 3381 372 3430 Emathiis
379 3379 479 3448 smnus
482 3381 564 3494 sudek
574 3381 690 3429 Pharsali·
713 3391 801 3442 peraut.
820 3385 898 3432 Coto
908 3399 963 3433 suos
978 3401 1010 3432 ex
1025 3385 1125 3434 edem
1136 3386 1163 3432 ia
1181 3389 1256 3436 scien

153 3445 247 3502 ainlib.
261 3451 284 3493 1.
301 3461 361 3494 vere.
380 3452 402 3494 1.
416 3446 530 3504 Phocidos,
564 3445 598 3509 e.]
615 3448 690 3508 Supra
714 3447 803 3510 dirigit,
814 3449 857 3495 sed
871 3465 954 3511 pogna
972 3451 1080 3506 inmo,
1097 3451 1175 3498 saties
1191 3457 1256 3499 eatae

151 3511 195 3560 lib.
207 3513 230 3560 ³.
243 3527 278 3559 vs.
291 3512 364 3560 34ου
714 3511 764 3562 sine
785 3525 868 3560 cruore
888 3530 929 3562 eos
948 3515 976 3562 sd
996 3515 1140 3562 deditionem
1248 3547 1255 3569 .

187 3579 242 3626 257.
262 3573 355 3630 Plocio,
366 3575 424 3638 deo]
442 3575 590 3638 AEgyptieco.
602 3575 689 3623 Pharos
714 3592 781 3638 quam
792 3593 845 3625 cum
860 3593 954 3628 suornm
969 3579 1075 3640 periculo
1091 3585 1132 3626 aot
1149 3579 1257 3628 Ιιωιίιι

150 3639 228 3688 issula
241 3649 277 3698 est
294 3647 318 3688 st
335 3641 405 3688 turris
425 3657 478 3702 quse
494 3639 582 3688 claudit
597 3647 690 3702 portum
713 3643 787 3690 multo
798 3643 908 3704 sauguine
919 3645 1021 3692 mouera

150 3705 342 3761 Alexandrinum,
358 3705 483 3754 oleastrum
495 3705 593 3767 AEgppti
604 3705 691 3753 meriti-
747 3711 802 3756 268.
822 3705 889 3756 Mtte
902 3723 946 3756 nore
962 3707 1027 3764 utile,
1045 3705 1104 3770 &e.]
1132 3708 1256 3756 Afraniani

151 3783 223 3818 mam.
714 3770 792 3832 iuopia
808 3773 887 3832 pabuli
903 3772 1006 3828 adducti,
1023 3773 1102 3832 togam
1118 3784 1216 3833 passm,
1231 3783 1256 3820 et
1315 3767 1316 3780 ¹

186 3839 241 3886 258.
260 3833 309 3884 Hoc
323 3835 442 3900 siquiden,
453 3831 511 3895 &e.]
521 3832 595 3901 'Quod
612 3831 689 3881 solue-
714 3851 760 3898 quo
772 3843 851 3882 esseut
866 3838 1025 3898 expeditiores
1038 3837 1115 3886 omnia
1125 3837 1259 3886 meimet

151 3899 185 3947 ris
197 3901 240 3948 hoo
252 3900 340 3948 sceler-s
351 3915 443 3955 vacue,
461 3913 506 3960 quo
522 3914 547 3944 se
558 3893 690 3946 obstn'nxe·
710 3901 814 3960 jumenta
823 3899 920 3948 interfici
926 3903 1018 3962 jubent.

151 3972 206 4012 runt
219 3964 363 4024 Pompeiani,
380 3965 499 4028 approbas
515 3978 608 4011 causam
625 3969 690 4010 tuem
747 3967 804 4011 270.
819 3963 863 4026 Spe
873 3967 946 4028 posito
956 3966 1062 4014 donem
1069 3964 1183 4029 fugem]
1200 3969 1259 4014 Non

152 4043 205 4076 esse
216 4028 341 4076 moliorem.
474 4073 476 4078 ,
713 4028 812 4090 anplius
822 4029 844 4076 in
859 4029 923 4092 fuga,
938 4032 1005 4092 cojees
1015 4027 1080 4077 nulle
1090 4033 1141 4090 jane
1157 4041 1259 4092 apparet

187 4097 244 4143 259.
263 4092 354 4140 Polluta
367 4092 477 4157 nefando,
492 4089 549 4154 &e.]
572 4091 690 4140 Pete-ciani
714 4107 775 4170 spes,
786 4094 892 4142 fiduciam
902 4111 994 4158 ponere.
1012 4093 1190 4158 Caesenatia]
1201 4098 1258 4142 Mo·

154 4159 259 4206 nefandae
268 4156 338 4204 cadis
354 4158 420 4218 quasi
432 4155 644 4220 mnicibusegtuei
653 4158 688 4204 fu·
713 4165 807 4208 reterns.
825 4159 961 4208 Educram
970 4159 1031 4207 esim
1046 4154 1155 4220 legiones
1171 4168 1196 4210 et
1211 4164 1259 4208 sets

154 4221 204 4279 riis,
220 4237 266 4270 nou
275 4223 326 4270 ausi
342 4221 432 4280 diutius
441 4218 555 4270 sustinere
565 4221 688 4276 ceum,
714 4225 797 4272 cestris
809 4223 834 4273 in
844 4225 917 4274 aciem
927 4224 1092 4272 instruxerant.

153 4287 291 4351 equatioois,
314 4285 469 4354 populationis
495 4293 562 4350 etque
588 4287 691 4336 omnium
