2708 4866
190 371 258 438 536
480 357 991 440 ἘΠΡΡΒΕΜΕΝΤΠΜ

192 541 317 608 Nullus
332 540 443 606 adbuc
457 541 577 619 titulis,
592 543 755 628 nulloque
769 543 912 627 insignis
925 544 1079 612 bonore:

190 653 267 720 Nec
282 655 371 720 vires
384 653 504 719 babuit
516 655 583 719 nisi
598 673 685 738 quas
699 655 821 720 virtute
836 655 982 738 paravit.
1041 703 1043 708 -

189 765 347 845 Quantos
360 765 418 830 ille
432 763 552 830 -Iluccs
561 765 708 848 juvenili
722 765 840 830 ardore
857 765 1003 848 subegit,

190 875 277 940 Cum
293 873 396 939 Marii
410 879 565 939 maestum
578 875 765 942 lacerasset
778 876 885 941 factio
900 875 1061 956 Romam,

190 985 235 1051 Et
248 986 405 1052 miseram
420 983 570 1049 assiduis
585 985 760 1068 implesset
775 985 929 1052 caedibus
943 986 1082 1051 urbem!

135 1073 145 1098 χ
190 1096 286 1176 Quot
298 1101 447 1179 cumpro
461 1095 573 1178 patria
586 1095 703 1159 salicia
716 1096 808 1162 bella
822 1097 972 1184 peregit!

190 1205 289 1272 illius
304 1205 470 1291 auspiciis
485 1205 601 1270 audax
615 1211 667 1270 est
682 1204 794 1270 Carbo
809 1211 1018 1290 peremptus,

46 1357 52 1368 ·
189 1315 235 1381 Bt
248 1316 373 1381 cecidit
386 1316 482 1380 terris
498 1316 668 1380 Sertorius
681 1317 763 1384 exul
778 1315 899 1380 Iberis.

188 1426 396 1492 Praeclarum
410 1426 544 1508 Libyco
557 1424 697 1510 (dignus
711 1431 790 1490 tunc
805 1427 942 1490 nomine
958 1425 1096 1512 Magni)

189 1536 299 1614 Duxit
311 1533 440 1620 (adhuc
456 1535 634 1602 Romanus
649 1533 782 1622 Eques)
795 1537 838 1601 de
853 1537 950 1622 Rege
964 1537 1189 1624 triumphum.

189 1647 279 1712 Haec
295 1645 387 1722 lecit,
402 1645 620 1729 nondumque
634 1651 713 1711 tuos
727 1652 924 1712 excesserat
938 1665 1058 1712 annos.

188 1757 257 1822 Sed
272 1763 308 1821 tu
324 1776 385 1820 cur
398 1754 538 1840 Libycis
552 1756 682 1820 resides
695 1757 849 1840 privatus
863 1757 898 1822 in
914 1757 1008 1822 oris‘l

72 1849 82 1876 Χ
189 1866 299 1932 Unius
314 1865 481 1930 auxilium
495 1865 625 1930 dextrae
639 1871 801 1949 prestare
816 1867 949 1932 valebis

188 1977 260 2042 Hic
273 1981 403 2042 tanturn
419 1975 558 2042 Patriae.
573 1977 694 2060 procul
708 1977 787 2040 hinc
801 1981 839 2040 tu
854 1977 977 2060 collige
991 1978 1096 2056 vires,

186 2087 232 2154 Et
245 2087 392 2152 libertati
407 2087 540 2151 Ductor
555 2105 713 2150 succurre
729 2087 884 2152 cadenti:

186 2197 255 2262 Vel
269 2197 405 2280 dignam
420 2197 523 2261 tantis
539 2195 723 2262 Natalibus
739 2202 863 2281 oppete
878 2203 1032 2264 mortem.

186 2307 249 2374 Nil
263 2313 381 2373 contro
390 2308 527 2391 juvenis
539 2327 549 2388 ;
571 2307 634 2372 sed
647 2312 809 2390 tanquam
824 2308 938 2374 Roma
952 2309 1097 2376 Catonis

185 2420 242 2484 Ex
256 2437 315 2484 ore
330 2418 521 2496 admoneat,
536 2423 734 2502 promantve
750 2417 900 2482 Oracula
913 2439 1049 2490 vocem.

186 2530 395 2614 Obsequitur
410 2532 511 2596 citius
526 2531 631 2610 dicto,
640 2536 682 2595 et
696 2530 781 2594 dans
797 2531 945 2598 carbasa
954 2533 1069 2598 ventis

185 2641 380 2723 Digreditur
395 2639 536 2723 Libycis
549 2659 722 2724 nunquam
737 2642 905 2706 rediturus
919 2644 964 2708 ab
979 2645 1062 2721 oris,

185 2751 234 2818 Ut
248 2752 351 2820 cadat
372 2751 513 2837 Europa
525 2773 678 2836 magnus,
696 2753 894 2837 Ductorque
908 2775 971 2838 per
984 2775 1088 2839 agros

182 2865 251 2930 Tot
264 2865 351 2930 ferat
365 2864 545 2948 Hispanos
561 2865 728 2930 Romanae
743 2865 885 2932 vrrlnera
898 2867 1019 2949 gentis,

183 2975 279 3056 Quot
293 2977 403 3062 prima
418 2977 601 3042 AEmathiis
615 2978 761 3042 victoria
775 2976 924 3043 Caesaris
939 2980 1032 3044 aruis
1060 3006 1065 3012 ·

171 3089 346 3154 Proxima
359 3090 415 3156 ver
429 3089 535 3154 faciet
549 3089 701 3172 Libycis.
723 3067 826 3156 mins
840 3091 957 3156 invida
972 3111 1177 3180 qumquam

182 3197 333 3277 Nobilis,
349 3219 373 3263 o
387 3199 544 3284 Pompei,
559 3201 671 3282 longae
686 3201 748 3265 tibi
763 3201 835 3266 fata
848 3209 1015 3284 negantur

179 3308 285 3398 (Quae
301 3312 390 3396 patri
406 3311 583 3397 dederant)
597 3312 713 3377 felicia
726 3318 881 3398 tempora
895 3315 994 3380 vite:

181 3421 294 3486 Morte
309 3428 421 3487 tamen
437 3417 567 3507 patrem
582 3425 748 3507 aequabis,
763 3445 954 3510 magnaque
968 3428 1080 3506 ruina,

180 3531 257 3598 Nec
272 3535 345 3598 iera
358 3534 498 3600 fatalem
512 3537 627 3600 vincet
641 3535 821 3602 Pharsalia
837 3539 1014 3604 Mundam.

223 3643 372 3714 Sicaniis
388 3637 506 3710 Cacsar
520 3648 610 3711 vires
620 3646 694 3730 jam
708 3653 830 3713 nactus
846 3650 889 3714 ab
906 3650 977 3714 oris

87 3792 95 3816 s
179 3755 340 3821 Protinus
356 3755 486 3828 Umitae
502 3759 678 3822 excelsum
692 3779 800 3843 prope
815 3760 945 3824 moenia
963 3766 1115 3828 montem

179 3865 349 3952 Occupat.
370 3867 437 3932 huc
453 3868 581 3934 ducunt
596 3871 731 3937 collatis
745 3869 895 3954 undique
916 3871 1025 3953 signis

178 3975 258 4042 Rex
272 3977 295 4042 J
296 3979 366 4042 uba
380 3978 628 4063 Scipiadesque
643 3997 724 4046 suas
739 3982 784 4047 od
799 3981 924 4064 proelio
937 3987 1078 4058 aumas.

110 4111 115 4116 -
178 4087 375 4172 Conspectu
390 4089 521 4155 Uzaitae
536 4092 663 4155 bellum
678 4090 752 4174 jam
767 4092 920 4156 constitit
934 4109 1047 4170 omne,

177 4198 298 4282 Scipio
313 4199 477 4265 detrectat
491 4221 660 4284 pugnam3
682 4221 745 4266 nec
762 4203 878 4268 dulcia
892 4203 998 4283 tantis

178 4309 310 4376 Umitae
325 4311 396 4378 fato
412 4311 612 4390 damnantur
627 4315 783 4398 cladibus
798 4334 914 4382 arraz.
936 4336 941 4352 ·
