2708 4866
200 373 266 442 stt
496 367 999 436 SUPPLEMENTUM.

201 543 384 612 Contendit
399 542 516 608 Caeser
530 543 666 620 furstre',
682 548 717 608 et
731 542 879 606 clamore
894 539 1043 606 fruentes

123 719 127 739 ,
200 654 375 738 Increpuit
388 663 522 736 magne,
539 653 633 718 cives
647 673 736 718 nunc
751 672 828 718 esse
843 655 1023 728 memento,

201 765 281 831 Non
296 765 423 842 hostes,
438 765 557 844 miles;
579 767 714 847 parturn
728 763 851 828 virtute
866 761 1069 846 triumphum

200 875 268 942 Gur
282 875 413 941 feritate
427 895 519 940 nova
532 873 710 956 mecplpsi
733 873 808 938 haec
824 873 988 954 sunguine
1007 889 1084 936 sero

201 986 314 1067 Quam
328 987 422 1071 peris
437 985 575 1051 Invidia
590 989 643 1049 est
656 985 735 1068 plus
750 1002 853 1066 quem
867 981 1024 1046 Victoria
1037 980 1148 1046 nobis.

199 1097 336 1182 Saepius
349 1097 424 1162 heec
439 1101 583 1160 moestus
599 1095 742 1174 clemut3
765 1113 845 1177 pers
860 1093 1021 1176 nulleque
1035 1091 1117 1156 belli

199 1207 321 1274 Civilis
335 1215 407 1274 tum
421 1207 540 1272 Caesnr
554 1209 635 1270 erat.
659 1205 721 1270 sed
735 1205 874 1288 perdere
890 1204 986 1269 cives

199 1317 288 1398 Quae
303 1319 404 1384 toties
419 1323 585 1400 poterent,
601 1339 670 1383 non
680 1319 753 1402 jum
768 1337 903 1384 servare
918 1315 1077 1382 varenam

198 1429 221 1494 J
223 1447 305 1494 usse
318 1427 439 1493 Ducis.
460 1428 619 1511 jugulant
631 1427 826 1493 miserenda
839 1427 935 1492 crede
951 1425 1108 1492 cohortes

200 1539 385 1624 Scipiadae,
402 1539 596 1622 strictisque
611 1541 727 1604 odium
742 1539 961 1603 mucronibus
975 1538 1116 1621 expient

199 1651 313 1717 Invitn
329 1651 427 1716 Duce
443 1649 605 1715 Caesurei.
621 1657 655 1715 et
668 1653 728 1735 qui
738 1653 839 1737 jussa
852 1653 914 1734 per
930 1669 1038 1714 annos

198 1759 268 1826 Tot
282 1760 391 1826 Ducis
406 1759 605 1844 implessent
618 1763 732 1844 magni
747 1763 902 1856 crudelia·
912 1781 1057 1846 semper,

200 1872 303 1939 Nunc
316 1873 438 1950 solum,
454 1893 532 1941 cum
540 1873 638 1957 juste
651 1873 745 1939 dedit
757 1875 928 1953 mundate,
943 1873 1117 1939 rebellent.

198 1985 279 2051 Jem
292 2005 374 2052 vero
388 1986 557 2068 ingentem
572 2005 634 2071 pre
651 1985 788 2052 Cessero
802 1989 875 2053 fate
887 1987 1019 2052 ruinam
1089 2011 1098 2026 ·

199 2097 413 2182 sparsissent
427 2099 571 2183 eampis,
586 2104 620 2163 et
633 2103 725 2164 tectu
739 2101 906 2165 cadavere
922 2104 996 2164 teta

200 2207 366 2276 Planities
379 2211 514 2276 funeste
524 2211 629 2296 jacet.
651 2213 855 2295 tandemque
870 2209 1045 2294 sequendo

200 2321 366 2387 Defessus
379 2321 497 2388 Caesar
510 2341 677 2388 revocans
691 2323 736 2388 ed
751 2325 849 2407 signe
863 2321 1031 2398 cohortes,

200 2431 371 2518 Prospere
385 2435 514 2502 divitiis
530 2433 663 2518 Regum
678 2435 863 2502 certamina
876 2433 993 2498 donet.
1014 2503 1018 2512 ,
