2708 4866
342 365 580 434 LUCANI.
617 363 727 435 LIB.
764 367 829 436 VI.
1074 367 1140 434 5⁷9

34 543 144 608 Iussa
158 541 280 618 Ducis,
291 539 366 624 jam
376 539 479 624 jussa
492 539 597 617 timet,
613 541 829 624 sonitumque
843 529 1036 619 turbarum

34 651 114 718 Nec
130 653 198 719 sibi
213 651 391 716 desuetum
406 650 498 733 potis
513 656 566 715 est
580 650 691 714 celare
706 651 870 716 timorem.

79 761 150 826 Sed
164 763 276 828 minus
291 764 330 826 ut
342 759 437 842 vulgi
452 759 598 843 pavidos
612 761 731 827 mirere
746 762 923 838 tumultus,

33 870 159 936 Tristis
174 871 306 938 adhaec
324 867 445 934 Caesar
458 867 602 936 funestae
616 869 737 954 praelia
752 869 893 937 Mundae

33 981 121 1065 Ipse
134 983 237 1047 venit
261 985 429 1046 consueta
443 979 540 1044 deest
553 979 691 1058 fiducia,
706 999 770 1046 nec
787 981 882 1046 frons

33 1091 106 1158 Illa
120 1091 212 1158 Daci
228 1096 292 1168 est,
308 1107 438 1174 exque
451 1087 553 1154 toties
567 1089 683 1158 felicia
697 1091 779 1156 belli

33 1201 127 1266 Ante
142 1203 242 1266 tubas
255 1201 374 1269 hilaris
388 1200 512 1266 tulerat
523 1203 696 1284 presagia
709 1201 818 1268 miles.

32 1312 188 1378 Lubrica
201 1311 358 1378 fortassis
369 1317 499 1378 incesto
513 1316 594 1376 tunc
608 1309 747 1397 pectere
762 1311 854 1376 dona

34 1423 200 1490 Fortunae
215 1421 425 1507 expendens,
440 1423 646 1507 quantisque
661 1425 789 1506 agitata
800 1421 962 1508 procellis
986 1464 988 1473 J

34 1533 114 1600 Sint
127 1533 350 1601 humanam
363 1531 547 1598 merenda
561 1536 741 1600 cacumina
753 1545 875 1612 reruni,

32 1643 104 1712 Per
117 1648 169 1710 tot
183 1641 388 1726 Magnorum
403 1661 493 1727 qaas
505 1641 634 1708 iecerat
648 1645 724 1728 ipse
737 1643 868 1720 ruinae,

36 1751 236 1818 Formidare
252 1773 350 1820 snam
365 1753 479 1819 (Haut.
501 1753 616 1818 felicia
631 1753 752 1836 Magni

35 1861 211 1947 Tempora
224 1863 434 1944 dinumerat;
457 1868 574 1950 totque
589 1865 830 1948 inviolataper
843 1880 953 1928 annes

35 1972 265 2059 Prosperitas,
281 1976 470 2060 similisque
484 1996 570 2055 snm,
585 1976 767 2042 thsclia
780 1975 890 2042 donee

35 2084 125 2150 Tam
139 2085 260 2169 longas
275 2087 395 2152 evertit
410 2107 506 2171 opes,
522 2089 558 2152 in
571 2095 682 2154 mente
697 2091 860 2170 recursat

38 2191 85 2262 Et
99 2197 219 2281 Magni
235 2215 365 2275 cuam,
381 2203 565 2284 postquam
578 2199 716 2284 fastigia
731 2197 851 2282 Magni
972 2197 975 2202 '

37 2307 217 2392 Attigerat
229 2311 302 2395 janr
317 2311 394 2376 visa
407 2311 494 2376 levis
510 2312 661 2376 Fortuna
673 2311 805 2380 minari.

35 2417 129 2486 Hac
143 2427 267 2488 moeste
279 2428 419 2507 reputat
428 2421 558 2502 cesar,
572 2427 785 2506 mentemque
802 2420 974 2484 lahantem

37 2529 199 2616 Corripit,
214 2532 320 2598 irenis
333 2531 438 2598 tacite
449 2548 459 2612 ς
469 2533 685 2618 ‘tandemque
699 2531 858 2598 cohortes
949 2545 955 2552 '

38 2641 237 2729 Alloquitur
250 2645 347 2710 vultu
362 2660 495 2708 caecam
510 2645 641 2710 celante
656 2646 820 2709 timorem.

37 2752 214 2820 Bellorum
230 2753 393 2832 Comites,
409 2753 468 2837 qui
482 2753 578 2816 nulla
591 2755 755 2836 pericula,
771 2753 863 2822 mille

37 2865 182 2930 Vicistis
197 2865 383 2949 plusquam
398 2861 573 2928 Herculea
586 2865 709 2926 virtute
723 2863 870 2937 labores,

36 2975 93 3042 En
106 2977 207 3041 vobis
221 2977 323 3041 toties
337 2979 493 3038 nnncatc
503 2974 688 3058 repullulat
706 2971 839 3055 Hydra,

38 3085 190 3154 Ultimus
204 3087 260 3152 hic
274 3087 373 3150 labor
387 3091 459 3164 est;
482 3084 613 3148 infirma
627 3089 729 3168 atque
745 3083 864 3146 ultime
879 3079 972 3147 colla

36 3195 175 3279 Exorit3
197 3199 253 3262 hic
268 3198 375 3264 virtue
390 3195 522 3275 eadem,
537 3215 616 3279 quae
631 3195 741 3279 prima
754 3191 885 3272 recidit,
1062 3277 1065 3284 Ι

35 3309 84 3374 Et
96 3311 237 3376 robusta
251 3309 371 3393 magis,
386 3313 519 3374 resecet
533 3313 716 3391 postrema,
732 3325 795 3370 nec
810 3305 899 3370 ultra

37 3417 200 3486 Crescere
216 3419 329 3485 civilis
343 3418 515 3504 permittat
529 3418 659 3482 semina
673 3417 766 3494 belli,
947 3401 955 3418 ’

37 3529 129 3610 Qua
143 3535 225 3616 post
237 3535 289 3596 tot
303 3529 422 3594 clades
436 3527 584 3592 imbellis
600 3527 714 3592 Iberia
726 3527 841 3592 nutrit.

38 3641 179 3708 Sauciet
191 3641 267 3706 haec
282 3641 382 3706 nobis
397 3657 520 3724 pacem
536 3640 690 3715 victoria,
705 3644 798 3704 tetus

40 3753 245 3820 Exmmatns
260 3755 323 3818 erit
337 3760 418 3838 pest
432 3754 507 3818 haec
524 3752 708 3815 certaniina
724 3749 904 3816 Mundus..

37 3864 106 3930 Sed
122 3867 181 3950 qui
196 3871 285 3940 sunt
301 3865 361 3947 qui
375 3864 467 3927 bella
480 3863 626 3946 paranti
649 3861 709 3946 qui
726 3861 875 3928 Caesarie
891 3877 1003 3939 enses,

41 3973 87 4039 Et
98 3976 238 4040 totidem
253 3975 353 4040 bellis
368 3974 525 4040 victricia
539 3973 636 4056 signa
651 3973 849 4040 lacessuntt

41 4085 214 4150 Destitnet
226 4085 326 4168 plebs
341 4087 409 4150 iste
423 4085 557 4150 Ducem
571 4105 640 4150 nou
655 4093 776 4170 sponte
792 4090 922 4164 secute,

42 4197 111 4261 Sed
126 4215 221 4261 casn.
236 4215 317 4262 nurn
332 4195 491 4280 Pompeii
507 4199 671 4280 pugnabit
685 4217 798 4264 amore

41 4305 153 4387 Quem
166 4327 237 4373 non
251 4309 347 4372 novit
361 4307 499 4372 adhuct
521 4327 602 4372 num
617 4327 740 4372 vanam
754 4307 901 4372 nominis
915 4305 1070 4372 umbram
1114 4401 1124 4414 ἱ

41 4417 232 4504 Plusqnam
246 4417 425 4486 Caeeareas
439 4420 541 4496 vires,
556 4437 643 4502 quas
657 4437 765 4500 nuper
779 4415 893 4482 Ilerda
