2708 4866
349 395 590 467 LUCANI.
627 400 736 468 LlB.
772 401 818 468 V.

23 544 75 610 Ut
84 544 172 630 juga
185 549 259 610 tutu
273 551 365 612 tenet
379 545 539 613 Bacchus
555 547 678 615 Niseia
697 551 862 636 sepultus.

23 657 132 724 Mons
147 660 211 724 erit
224 659 289 724 iste
304 665 394 725 tuus,
418 663 592 726 consensit
605 661 706 728 sama.
722 667 903 746 tenentque

22 766 180 852 Pyrenes
195 769 252 834 isti
267 787 391 835 nomen
405 789 466 854 per
480 771 611 836 saecula
624 776 768 836 montes.

69 878 229 963 Pompeii
240 879 386 964 juvenes
401 881 565 946 instructo
580 881 690 972 milite,
701 881 819 946 Gades

22 987 246 1073 Linquentes,
261 989 388 1054 bellum
403 1009 502 1054 omne
517 991 643 1069 locant,
657 1010 727 1074 qua
741 990 882 1074 pinguia
896 990 1005 1058 Baetis

22 1096 129 1164 Culta
142 1119 275 1178 secans,
291 1119 355 1164 sua
369 1099 461 1164 felici
468 1101 534 1166 ilat
546 1101 686 1166 nomina
698 1106 808 1164 terrae.

22 1206 167 1294 Oppida
182 1211 354 1294 cepissent
369 1210 478 1293 primo
493 1211 687 1294 regionibus
702 1210 770 1274 illis

22 1319 205 1403 Ateguam,
221 1327 322 1405 atque
338 1319 487 1400 Ucubin,
501 1328 536 1387 et
547 1339 671 1386 nomen
686 1319 784 1385 clade
799 1319 913 1385 brunna
931 1351 934 1356 ·

22 1429 213 1496 Funestam
229 1431 392 1496 Ausoniae
409 1430 585 1509 Mundam,
601 1435 636 1495 et
649 1435 682 1494 te
698 1435 793 1512 grata
808 1427 981 1498 Camoenis

22 1539 198 1619 Corduba,
213 1540 392 1606 doctorum
407 1541 505 1606 cunis
519 1541 683 1606 foecunda
695 1541 854 1606 virorum.

67 1651 228 1735 Undique
244 1651 420 1735 Pompeiis
435 1652 524 1718 vires
540 1651 713 1734 Hispania
727 1651 839 1716 mittit.

22 1761 95 1828 Hic
111 1769 234 1846 praeter
246 1763 365 1828 latias
379 1763 537 1847 Aquilae,
554 1763 779 1847 Romanaque
795 1764 903 1846 signa,

22 1871 111 1951 Quae
127 1873 252 1952 Varus,
268 1874 434 1958 duxitque
448 1893 528 1938 acer
542 1874 727 1953 Labienus,
743 1873 835 1939 Iberi

22 1983 203 2066 Pugnaces
218 1991 354 2051 coeunt.
376 1985 432 2050 bic
445 1991 524 2050 trux
539 1989 607 2050 stat
621 1983 801 2061 Cantaber,
817 1985 920 2049 armis

22 2097 93 2177 Qui
107 2098 211 2162 vitam
226 2097 391 2183 impendit
405 2097 501 2174 solis,
517 2117 599 2180 gens
614 2098 733 2163 nescia
746 2097 845 2180 pacis

22 2207 91 2274 Aut
107 2210 211 2275 siccae
225 2211 355 2288 mortis,
369 2210 458 2276 ferro
472 2216 673 2294 praevertere
688 2215 787 2276 sueta

22 2318 182 2384 imbelles
197 2339 327 2386 annos:
350 2319 456 2386 decus
472 2339 549 2384 esse
564 2323 763 2406 abrumpere
777 2321 894 2400 vitam,

22 2431 229 2516 Naturaeque
245 2438 365 2516 putant
378 2452 515 2515 segnem
530 2432 656 2496 donare
671 2437 854 2498 senectam.

23 2541 165 2627 Augurii
181 2545 282 2624 sacri,
298 2545 555 2634 divinarumque
569 2543 712 2626 peritam

23 2655 248 2720 Flammarum
263 2657 389 2739 pubem
405 2655 501 2720 dives
516 2655 674 2720 Gallecia
687 2655 800 2720 mittit.

24 2763 165 2829 Callaici
180 2766 328 2843 veniunt,
344 2765 414 2850 qui,
429 2765 567 2849 dempto
581 2764 704 2844 Marte,
718 2767 871 2833 laborem

24 2875 103 2942 Non
117 2877 223 2942 ullum
238 2897 364 2942 novere
378 2877 453 2942 rriri.
476 2897 554 2941 nam
569 2879 700 2943 semina
713 2879 820 2943 sulcis

25 2987 147 3072 [njicit,
162 2993 197 3052 et
211 2987 295 3052 duro
311 2988 430 3070 glebas
445 2987 580 3053 invertit
593 2995 705 3053 aratro

25 3095 187 3176 Foemina,
203 3098 283 3162 dum
296 3097 454 3162 manibus
468 3104 672 3182 peraguntur
686 3098 778 3162 bella
787 3096 944 3163 virorum.

26 3206 49 3271 l
66 3207 167 3272 Minii
181 3208 265 3292 ripis
279 3207 381 3292 patrii
395 3207 488 3272 venit
501 3208 644 3292 impiger
658 3206 774 3286 Astur,

26 3316 234 3400 duriterique
248 3317 336 3401 Tagi
350 3317 515 3400 fulgentia
529 3319 626 3401 signa
640 3317 770 3383 ferebat

27 3427 151 3506 lneola,
167 3428 349 3493 deciduum
364 3433 548 3493 consuetus
564 3429 699 3493 cernale
714 3426 840 3520 Solem.

27 3539 59 3604 lt
76 3539 192 3604 Vasco
208 3540 361 3606 insuetus
377 3540 495 3623 galeis,
510 3546 544 3604 et
559 3537 741 3604 Concanus
757 3535 883 3614 audax,

28 3649 86 3729 lui
102 3643 389 3733 se'lllassagetum
404 3651 489 3715 dura
502 3649 545 3714 de
560 3649 665 3732 stirpe
678 3647 802 3712 fatetur

28 3761 218 3848 Jornipedis
234 3769 417 3828 consuetus
432 3763 511 3847 equi
526 3765 645 3844 potare
660 3771 824 3824 cruorem.

29 3872 187 3950 leltiberi,
202 3873 294 3938 bello
310 3875 370 3958 qui
385 3891 531 3958 corpora
546 3889 640 3936 caesa
654 3889 793 3936 suorum

29 3985 99 4066 'gne
115 3989 274 4062 cremant,
291 3985 498 4070 creduntque
512 3983 610 4048 nefas
626 3983 656 4046 si
671 3981 757 4048 forte
767 3981 944 4065 jacentum

30 4094 199 4160 inanimes
212 4093 286 4161 fera
299 4096 354 4160 vel
367 4095 518 4162 volucris
534 4095 729 4180 depascitur
744 4101 848 4160 artus.

30 4211 45 4270 l
59 4207 145 4291 ripis
159 4207 272 4292 rapidi
285 4209 426 4272 veniunt
440 4207 614 4284 Sucronis,
629 4212 664 4272 et
677 4225 796 4272 omnes

31 4317 184 4402 Iispanae
199 4323 329 4401 gentes,
344 4337 558 4403 quaecunque
573 4323 633 4383 aut
646 4317 766 4382 timere
781 4315 901 4400 Magni

31 4428 156 4510 lleisci,
172 4435 233 4496 aut
242 4427 360 4494 Latios
376 4429 518 4514 cupiunt
529 4429 654 4496 nutrire
668 4429 810 4495 fluores.

1065 407 1131 473 5⁷1
