2708 4866
401 803 813 872 SUPPLEMENTUM

311 1051 1019 1212 aucant.

439 1361 563 1418 um
580 1361 771 1427 surius.

48 1883 148 1972 Nora
165 1907 303 1974 fimesta
316 1914 430 1974 tamen
444 1909 561 1976 clades
578 1931 665 1995 quas
677 1912 807 1978 fecerat
822 1931 941 1978 omnes

49 2019 153 2084 Terra
168 2021 265 2104 capit
279 2019 432 2104 Thapsi3
455 2027 604 2086 tantaeve
614 2021 733 2105 jacere
748 2023 856 2087 ruinae

51 2126 208 2212 Angusto
222 2135 363 2214 potuere
379 2131 469 2194 loco.
493 2137 578 2214 quot
592 2133 664 2198 fata
678 2155 740 2217 per
755 2153 833 2199 oras

49 2238 259 2323 Thapsiacae
274 2245 436 2324 spargent
449 2241 599 2322 ingentia
612 2246 753 2310 vulnera
767 2265 903 2329 pugnae,

53 2350 104 2416 Ne
119 2372 192 2417 non
207 2354 352 2418 diversis
367 2353 494 2418 sarnam
509 2357 705 2436 regionibus
721 2358 802 2422 olim
821 2345 837 2356 ’

53 2462 189 2529 Funera
202 2471 370 2530 tantorum
385 2466 516 2530 faciant
530 2467 642 2532 divisa
656 2467 825 2532 virorum!

92 2576 173 2642 Rex
189 2577 283 2642 Juba
297 2561 434 2642 Petreio
450 2583 485 2642 et
498 2579 621 2662 paucis
637 2579 879 2644 comitantibus
894 2579 1016 2644 urbem

53 2683 106 2750 lld
121 2687 267 2752 Zamam
281 2687 419 2772 Imperii
436 2689 564 2766 sedem,
580 2708 649 2772 qua
663 2690 807 2772 pignora
822 2709 904 2755 cara

53 2794 257 2882 Uxoresque
273 2817 366 2875 suas,
383 2817 554 2881 gazasque
569 2799 751 2881 reliquerat
766 2819 895 2876 omnes,

54 2903 204 2972 Advenit
218 2908 350 2972 infelix.
374 2909 435 2973 sed
446 2909 520 2993 jam
536 2907 688 2973 clausere
703 2911 848 2974 rebelles

54 3017 241 3084 Zamenses
256 3019 345 3102 Regi
360 3025 489 3104 portas,
505 3021 667 3102 victoque
682 3025 846 3102 negarunt
979 3040 983 3049 ’

55 3128 227 3210 lutroitus,
244 3131 361 3196 odirmr
376 3132 461 3196 soevi
477 3132 613 3196 crudele
629 3131 761 3214 tyranni
788 3139 793 3145 '

53 3237 137 3304 Ausi
151 3242 289 3306 fortrma
303 3242 439 3306 tandm
454 3247 615 3326 pereunte
631 3241 739 3307 fateri.

55 3347 112 3414 Nil
126 3353 301 3436 precibus,
315 3353 469 3418 mistisve
485 3344 597 3432 minis,
612 3353 751 3418 vulmve
765 3357 952 3418 moventur.

54 3457 192 3529 Perdita
206 3466 370 3550 majestas
384 3467 478 3530 victo
490 3483 499 3545 3
522 3463 707 3550 penditque
722 3465 845 3548 prioris

54 3571 129 3639 Jam
140 3575 165 3640 J
167 3577 237 3640 uba
251 3578 395 3642 saevitiae
410 3597 546 3661 poenas.
570 3577 615 3642 oh
630 3595 706 3641 sera
719 3575 852 3658 tyrarmi

57 3682 229 3768 Cognitio!
253 3688 333 3752 dum
346 3707 452 3771 regna
464 3693 613 3765 manent,
629 3687 790 3752 senescit
805 3690 955 3751 amatum

57 3793 249 3864 Invisumve
265 3799 348 3864 suis,
372 3799 515 3866 affectus
531 3800 608 3864 sola
621 3799 765 3864 latentes

58 3907 232 3977 Servorum
247 3913 369 3997 pandit
384 3913 535 3978 Fortuna
550 3911 715 3975 adversa:
739 3910 800 3975 sed
816 3911 887 3988 illa,

57 4017 137 4098 Quae
153 4030 234 4109 post
247 4045 352 4108 regna
365 4021 470 4102 venit,
494 4025 551 4088 cui
565 4024 660 4089 nulla
670 4024 824 4108 potentia
833 4023 956 4107 juncta
970 4029 1036 4101 est,

58 4128 209 4217 Cognitio
225 4141 360 4220 torquet
373 4137 516 4201 miseros
529 4155 538 4216 ;
561 4156 624 4200 nec
639 4135 779 4200 reddere
796 4141 917 4218 grates,

58 4239 127 4310 Nec
141 4248 225 4312 licet
238 4247 373 4312 ulcisci.
389 4267 484 4312 seros
497 4245 550 4333 (et
562 4265 632 4312 non
647 4247 714 4311 nisi
725 4249 855 4311 tautum

60 4349 102 4420 Ut
112 4357 266 4445 doleant)
280 4359 401 4426 oorrlos
412 4359 523 4443 aperit
537 4359 689 4424 Fortuna
701 4355 863 4442 tyrannis.
