2708 4866
337 410 574 476 LUCANI.
612 413 722 483 LIB.
761 415 830 481 III.

32 581 84 646 Ex
99 581 178 647 acie
193 583 333 648 tandem
349 584 489 666 Libycae
504 584 619 668 fugere
635 588 791 654 cohortes

31 692 120 773 Qure
135 695 230 760 duce
244 695 309 759 sub
324 693 418 758 Vero
435 700 613 776 steterant;
636 697 716 762 dare
738 703 988 782 terga‘cosctus

33 803 113 868 Dux
128 806 257 886 simnl;
279 811 313 872 et
327 811 364 869 tu
379 805 566 882 Gallorum,
582 806 743 884 Labiene,
759 812 892 872 tuorum

32 913 190 998 Corpora
206 935 299 980 caesa
317 915 447 990 uidene,
462 913 594 998 Thapsi
609 915 743 981 funesta
757 919 919 1002 relinquis

31 1025 125 1091 Arre
138 1047 302 1110 gemens3
325 1026 402 1090 aliis
417 1027 552 1090 demum
568 1027 727 1092 civilibus
743 1031 857 1108 armis,

30 1136 270 1221 Romanisque
284 1138 404 1200 iterum
418 1142 550 1200 servate
565 1135 734 1214 finodhns
746 1159 755 1216 3
778 1159 860 1204 arvo

32 1245 118 1310 Pers
133 1247 248 1312 Latias
264 1247 373 1312 cladis
390 1246 565 1310 Mundano
580 1265 703 1327 magna
712 1246 858 1330 jacebis.

33 1357 108 1423 Nec
123 1357 200 1424 fato
210 1360 401 1424 occumbes
414 1357 592 1443 (acerrime
606 1355 754 1422 Caesaris
768 1359 894 1448 hostis)

34 1469 125 1534 Dum
140 1472 238 1554 potis
253 1477 306 1534 est
320 1475 447 1534 certare
463 1487 527 1534 sno
543 1487 620 1530 cum
635 1465 772 1532 Caesare
788 1469 912 1535 Roma.

75 1581 200 1664 Scipio
215 1587 253 1645 ut
267 1582 429 1660 adversas
444 1579 536 1642 videt
550 1579 798 1656 increbrescere
813 1579 913 1659 vires,

34 1691 274 1774 Cedentesque
289 1711 382 1767 snas,
397 1709 460 1753 nec
471 1689 545 1772 jam
559 1687 748 1770 reparabile
763 1687 900 1767 bellum,

35 1800 198 1866 fluctuat
212 1801 353 1885 ancipiti
368 1801 499 1865 divisus
514 1804 655 1882 pectora
669 1817 769 1882 cnra3

35 1910 171 1994 Ingeret
186 1931 233 1976 an
246 1910 378 1976 medios
393 1929 469 1974 sese
484 1895 664 1978 moriturus
678 1910 714 1974 in
728 1909 855 1989 hostes,

36 2023 82 2087 Ut
94 2024 221 2107 populi
232 2028 341 2116 caput
356 2019 530 2104 Hesperii,
546 2020 744 2106 Ductorque
760 2021 906 2088 Senatus

36 2133 175 2197 Summo
191 2135 229 2198 in
241 2133 368 2198 honore
380 2131 482 2196 cadat
495 2131 590 2208 felix,
607 2131 812 2217 Stygiasque
826 2155 888 2220 per
900 2136 1009 2201 undas

37 2241 194 2308 Maxime
209 2243 358 2309 Romani
374 2243 560 2308 descendat
572 2243 719 2308 nominis
735 2245 872 2310 umbra:

37 2353 90 2418 An
104 2361 261 2439 speraret
274 2353 398 2430 adhuc,
414 2357 517 2436 atque
531 2351 619 2419 ultra
632 2352 735 2418 fidere
750 2354 830 2421 fatis

38 2463 213 2542 Ausoniis,
230 2445 392 2548 tantoque
408 2465 491 2534 velit
505 2483 684 2548 superesse
698 2463 820 2528 dolori.

38 2575 186 2659 Decepit
200 2575 337 2640 tandem
351 2574 478 2638 fidncia
492 2594 582 2639 vana
596 2574 699 2638 futuri

39 2685 229 2750 Successus
243 2686 414 2760 miserum,
430 2685 675 2768 pulchrumque
690 2685 845 2748 excussit
855 2703 1001 2750 amorem

39 2795 180 2860 Mortis:
204 2801 242 2860 ut
256 2795 440 2873 AErnathia,
457 2800 561 2878 caput
575 2795 731 2859 oblatura
746 2797 894 2880 superbo

37 2905 184 2984 Victori,
199 2905 362 2988 Magnum
377 2925 458 2989 spes
473 2905 548 2970 dira
561 2905 728 2970 fefellerat
743 2905 835 2970 olirn.

38 3017 114 3082 Hos
129 3017 247 3082 animo
263 3035 365 3080 cesus
380 3017 571 3080 volventem
586 3015 742 3080 concitus
757 3014 867 3080 aufert

39 3127 236 3211 Scipiadem
250 3147 295 3192 ex
310 3129 385 3192 acie
400 3127 567 3210 Sonipes3
590 3145 668 3190 cum
683 3126 797 3190 territa
812 3129 942 3210 passim

39 3240 185 3321 Agmina
199 3244 376 3322 coeperunt
389 3243 462 3302 toto
478 3237 664 3302 discurrere
681 3255 825 3321 campo;

39 3349 274 3433 cedentesque
289 3348 433 3432 Equites
448 3353 538 3412 tutas
553 3348 680 3431 petiere
695 3347 844 3412 latebras

40 3461 216 3526 Montibus
231 3459 372 3537 Uzzitae,
387 3459 539 3543 pediturn
553 3476 634 3541 pars
647 3475 772 3539 magna
785 3459 924 3540 petebat

40 3571 160 3637 Castra
173 3571 288 3649 Iubae,
304 3571 334 3634 si
349 3569 435 3634 forte
449 3569 586 3632 brevem
600 3573 762 3651 praestare
777 3569 921 3634 salntem

42 3685 197 3750 Defessis
212 3684 272 3748 alti
286 3685 444 3766 poterant
457 3679 642 3744 munimina
655 3679 749 3744 valli.

40 3795 105 3860 Sed
119 3801 304 3880 postquam
319 3813 357 3857 se
372 3792 548 3874 deceptos,
564 3795 598 3853 et
613 3793 726 3854 castra
741 3791 889 3854 cruentis

42 3905 206 3972 Caesareis
220 3923 386 3990 possessa
399 3903 527 3979 vident,
541 3905 613 3964 turn
627 3901 697 3965 tela
710 3901 868 3967 cohortes

42 4015 149 4084 Victre
165 4015 362 4101 projiciunt,
378 4019 412 4106 et
425 4013 568 4078 inermia
581 4011 722 4076 brachia
735 4013 886 4077 tendunt.

41 4127 107 4194 Sed
119 4129 205 4194 nihil
218 4125 281 4213 (oh
295 4125 408 4190 rabies
423 4123 535 4189 civilis
551 4123 624 4188 dira
637 4123 777 4209 furoris)
898 4165 901 4172 ,

43 4239 168 4307 Profuit
181 4238 252 4304 heu
265 4236 398 4301 miseris
413 4235 609 4300 submissio.
633 4233 729 4300 ccede
744 4233 891 4299 nefande

41 4349 246 4438 Sternuntur,
263 4347 419 4434 quemvis
434 4345 567 4429 gladios
582 4345 732 4411 inhibere
748 4363 885 4411 suorum
999 4397 1009 4410 ,

1070 423 1136 486 m
1226 387 1230 396 .
