2778 4866
367 337 602 411 LUCANI.
646 341 759 412 nte.
796 343 883 412 vu.
948 283 965 314 ἂ

61 508 183 578 Vana
196 511 578 600 superstitiopoterant.
600 497 737 582 ostenta
747 518 865 592 timere
911 533 914 538 ·
1010 543 1013 552 ·

66 619 118 688 Si
134 637 227 690 nune
242 624 442 708 inciperem,
459 644 537 708 quae
552 643 622 690 non
636 625 887 712 mibitempora
900 628 1046 719 postire

64 729 200 800 Anxia
213 735 419 800 transirent?
443 755 521 822 quae
536 735 599 800 lux
606 735 765 820 jucunda
775 742 952 809 monereti

64 841 153 912 Aut
166 867 246 930 quae
261 847 427 914 libertast
450 848 576 914 frustra
590 851 715 916 servire
730 852 844 919 timori

64 953 191 1042 (Dum
204 977 269 1022 neo
284 959 363 1032 luce
377 957 456 1036 frui,
470 977 535 1024 nee
550 965 693 1030 mortem
707 980 823 1028 arcere
838 961 975 1048 licebit)

69 1064 209 1150 Cogor,
226 1073 260 1132 et
275 1067 355 1132 huie
372 1069 490 1153 capiti,
506 1070 600 1153 quod
615 1069 730 1138 Roma
743 1067 888 1152 veretur,
903 1073 1065 1161 Aruspex
1129 1147 1135 1156 ,

68 1176 148 1244 Jus
164 1180 271 1256 dabit,
288 1183 323 1248 et
337 1199 447 1247 vanus
463 1199 598 1264 semper
612 1181 841 1250 dominabitur
855 1182 985 1268 Augur.
1021 1252 1025 1260 ,

70 1289 120 1356 Si
134 1297 281 1360 mortem
296 1291 379 1359 mihi
392 1291 508 1356 Roma
521 1297 629 1376 paret,
645 1292 804 1360 dubiaeue
819 1293 935 1360 saluti

70 1401 242 1468 Proderit
256 1422 326 1467 una
341 1401 441 1468 diesi
464 1406 525 1468 aut
540 1421 600 1468 our
615 1402 747 1468 differre
758 1403 912 1470 laborem

72 1512 197 1594 Quam
211 1533 345 1600 nequeo
359 1513 468 1580 vitare
482 1515 628 1578 necemi
652 1533 828 1606 semperne
844 1498 961 1582 timere

72 1622 256 1709 Exoptem
270 1625 387 1708 potius
403 1642 506 1707 quarn
522 1628 615 1690 oerta
629 1625 833 1691 occumbere
846 1627 980 1692 morte‘i

72 1733 152 1800 Gur
166 1739 237 1800 tam
250 1734 394 1798 insidias
409 1733 573 1798 timeam't
596 1753 657 1800 cur
672 1732 787 1798 Roma
800 1733 946 1800 amntem

1129 347 1195 424 ⁵97

73 1845 166 1912 Non
181 1846 297 1930 potius
311 1851 465 1910 nostram
479 1846 648 1930 exopteti
672 1850 838 1930 partoque
853 1827 968 1930 quiete
1092 1807 1095 1812 Ι
1138 1906 1141 1918 ,
1190 1798 1195 1808 ¹

72 1956 231 2024 Caesaris
245 1959 389 2042 imperio
405 1962 486 2041 post
500 1962 551 2036 tot
566 1957 684 2022 civilia
697 1956 800 2034 bella,

71 2069 168 2136 Post
180 2069 311 2134 rabiem
324 2073 454 2134 mutam
469 2069 619 2136 lassatus
640 2068 789 2150 gaudeat
803 2065 931 2132 Orbist
963 2112 965 2122 .

72 2176 159 2246 Pax
172 2180 290 2283 mundi
304 2201 382 2246 mee
397 2181 474 2246 sola
488 2179 603 2260 salus3
626 2199 713 2246 nece
730 2178 878 2246 Caesaris
893 2197 994 2244 enses
1054 2199 1072 2242 .·
1127 2223 1129 2230 .
1189 2201 1193 2210 v
1229 2219 1235 2226 -

71 2293 290 2376 stringentur
304 2311 431 2370 rursus,
447 2310 564 2358 uersus
579 2290 784 2374 lacerabitur
799 2287 915 2366 Orbis,
986 2357 990 2366 ,

74 2402 280 2487 Moestaque
296 2402 455 2468 Romano
470 2403 616 2486 tingetur
628 2401 793 2484 sanguine
808 2401 920 2466 tellus.

74 2513 152 2582 Sed
167 2517 198 2582 ei
212 2535 282 2582 non
296 2515 425 2582 bomini
440 2513 525 2580 satis
540 2517 633 2578 esset
647 2530 731 2592 epra
744 2511 825 2589 diei,

74 2627 130 2694 Ni
143 2634 312 2693 nocturna
326 2626 415 2692 elias
430 2626 582 2690 iacerent
594 2623 765 2700 insomnia
779 2641 892 2701 curas,

74 2737 149 2804 Die
164 2739 352 2817 mihinam
367 2735 557 2820 Morpheus
571 2735 673 2800 nobis
684 2734 855 2800 contraria
868 2730 962 2798 misit
1069 2811 1075 2814 ,

72 2848 231 2927 Somnia,
247 2849 345 2932 queis
359 2849 476 2932 potius
492 2846 637 2936 credesl
659 2844 726 2912 bae
740 2849 842 2912 noete
857 2841 995 2918 volasse

71 2959 136 3026 Ad
157 2961 295 3038 eoelum,
312 2959 534 3044 dextramque
548 2956 650 3024 Jovis
665 2953 829 3038 tetigisse,
845 2971 966 3018 serene

71 3071 123 3138 Et
135 3073 352 3162 majestate
329 3070 468 3136 indutus
484 3069 616 3136 sedisse
630 3067 786 3134 videbar.
889 3129 892 3138 ,

67 3183 175 3264 Quid
190 3187 256 3250 nisr
247 3185 397 3262 fausta,
412 3189 449 3249 et
461 3202 629 3268 magna
599 3180 682 3247 mibi
696 3179 771 3246 haee
786 3177 834 3265 (si
845 3176 986 3246 credere
1001 3175 1142 3286 uellem<
1161 3137 1164 3142 Ι

73 3295 224 3360 Talibus
240 3293 396 3380 omnino)
409 3293 609 3379 portendere
624 3290 759 3358 somnia
773 3289 945 3374 possuntt

120 3407 144 3472 J
146 3426 202 3472 am
216 3407 239 3472 J
240 3407 326 3470 ubar
341 3405 487 3471 Aurorae
502 3402 668 3488 pallentia
681 3402 812 3468 vicerat
826 3403 929 3470 astra.

73 3517 244 3583 Prosiluit
259 3518 374 3582 stratis
390 3515 520 3592 caesai,
535 3517 738 3595 moesteeque
752 3508 891 3592 reliquit
923 3593 927 3602 Ι

74 3625 245 3712 conjugis
260 3627 464 3709 amplexue3
486 3641 687 3708 magnaeque
703 3621 848 3704 capacia
862 3620 984 3698 nube,

73 3739 122 3804 Et
136 3743 251 3805 tantos
267 3739 394 3821 pariter
407 3757 492 3816 mox
505 3741 693 3820 exeepture
707 3733 849 3798 clientes

75 3849 265 3934 Magnifico
281 3847 462 3933 splendent
476 3847 617 3914 excelsa
631 3833 767 3915 Palatia
782 3845 887 3922 cultu.
934 3914 962 3924 ‚¹
1155 3792 1158 3803 1

74 3958 209 4026 Festini
223 3957 401 4037 Proeeres,
416 3958 596 4041 magnique
612 3957 656 4022 ed
670 3957 789 4030 limina
804 3955 925 4031 Patres
1012 3975 1016 3985 ·

74 4069 170 4137 Luce
185 4070 370 4138 smutatum
385 4071 496 4154 prime
510 4085 644 4147 venere,
659 4067 865 4152 domumque
969 4136 971 4146 Ι
1066 4136 1070 4146 ,
1148 4119 1151 4128 .

74 4180 230 4248 Admissi
245 4181 438 4267 implerunt.
461 4180 595 4250 eumue
608 4197 678 4252 nou
691 4178 850 4258 omnibus
865 4196 964 4244 unus.
993 4223 996 4230 ι
1069 4219 1082 4240 r

76 4293 238 4362 Caesarea
252 4293 394 4380 quidam
405 4289 822 4388 nonantulonus:
