2708 4866
206 399 272 468 stc
506 385 1001 460 SUPPLEMEN'PUM

146 563 149 570 ’
206 561 334 638 Virtuti
348 569 474 636 dudum
490 573 623 643 umbre,
637 583 787 650 uuperve
802 567 955 632 subactae

208 680 413 746 Promitttmt
427 683 555 760 gentes,
570 675 685 740 inuitis
700 675 868 752 hostibus,
885 693 1003 742 omnes

208 790 322 856 Invito
336 789 442 855 livore
458 787 563 852 dabit.
584 786 751 869 longeque
765 785 970 870 triumpbum

209 899 379 985 Majorem
393 900 435 964 de
449 917 528 980 rege
541 895 565 961 J
566 895 635 962 uba
647 895 834 962 victoribus
849 897 962 961 addet.

209 1009 285 1074 Nec
300 1009 454 1074 dubitare
467 1007 549 1072 mibi
570 1006 624 1072 tas
639 1011 711 1086 est3
733 1006 887 1072 fallentia
897 1025 1070 1090 nunquam

207 1117 324 1201 Signa,
337 1124 451 1184 truces
466 1115 587 1183 oculos
601 1116 714 1194 video,
729 1117 911 1199 vultusque
925 1118 1091 1182 minaces.

210 1227 370 1294 Victores
383 1229 522 1292 novisse
537 1245 631 1303 suns,
645 1226 832 1309 fragmenta
845 1227 952 1290 ruina

210 1339 393 1406 AEmatbise
409 1338 553 1401 discant.
578 1335 866 1420 Dixissstpiura3
887 1341 1053 1420 repente·

211 1450 298 1516 Cum
312 1449 385 1514 fera
398 1449 441 1513 de
457 1448 577 1512 dextro
591 1447 785 1512 cecinerunt
798 1445 947 1510 classica
961 1461 1078 1523 cornu,

212 1559 465 1641 Prosiliuntque
479 1563 568 1622 artes
581 1555 661 1641 (nec
676 1573 737 1620 eas
751 1555 892 1620 retinere
906 1555 1077 1619 rIribunus

211 1669 416 1737 Centuriwe
430 1666 561 1754 potest)
574 1667 619 1732 ad
633 1667 755 1751 praelia
768 1673 889 1750 sponte
905 1669 1063 1732 eatena.

213 1781 295 1848 Non
307 1781 437 1846 inhibet
452 1779 580 1855 Caesar,
596 1778 659 1844 sed
672 1777 890 1842 instituens
903 1777 1019 1842 iurari.

214 1892 359 1958 Carcere
374 1891 424 1956 sic
439 1907 567 1974 pronus
579 1889 719 1953 nimium
733 1888 779 1954 ad
794 1888 978 1954 certamina
992 1907 1110 1953 currus

213 2001 300 2068 Cum
313 2000 399 2066 sorte
414 2000 570 2084 erumpit,
584 1999 735 2084 lorisque
750 1999 867 2082 auriga
879 1997 1017 2062 retentis

174 2111 178 2116 ’
215 2111 354 2178 Frustra
367 2110 517 2174 inhibere
532 2110 656 2186 studet,
671 2110 808 2176 tandem
823 2109 883 2174 dat
894 2109 1007 2175 victus
1021 2107 1191 2175 habenas.

256 2222 408 2304 Utraque
418 2219 492 2304 jam
505 2223 600 2284 tante
616 2225 818 2285 eoncmrunt
831 2219 967 2301 agmina
979 2223 1086 2295 motu,

216 2331 354 2412 Quanto
366 2329 413 2415 (si
428 2330 540 2413 longae
554 2329 681 2394 flexum
695 2333 816 2394 natura
830 2329 967 2394 Halm

216 2441 370 2507 Donaret
382 2438 513 2524 nautis)
526 2439 679 2505 adversis
693 2439 775 2503 bina
789 2439 918 2504 coirent

216 2550 371 2634 AEquora
386 2549 583 2632 gurgitibus.
605 2550 722 2633 pulsnt
734 2549 847 2632 fragor
861 2547 998 2624 aethera,
1012 2553 1149 2614 montes

195 2699 199 2710 ·
216 2659 377 2743 Undique
391 2659 497 2723 vicini
511 2660 699 2742 excipiunt,
713 2661 939 2741 resonantque
952 2653 1103 2723 fflrentes

217 2769 432 2852 Pugnantum
445 2787 562 2833 voces.
585 2765 721 2832 Siculas
734 2767 762 2832 it
776 2769 904 2833 elamor
918 2767 963 2832 ad
978 2785 1068 2834 oras.

219 2880 390 2962 Huncque
404 2878 633 2961 repercutiunt
646 2875 803 2960 Lilybeia
817 2894 916 2954 saxa,
930 2879 1116 2963 timentque

217 2990 286 3056 Vei
300 2989 448 3054 sonitum
462 2987 544 3062 belli
559 2991 647 3051 terra
659 2987 801 3051 retinere
815 2985 941 3070 quieta.

216 3099 298 3166 Non
312 3099 361 3164 ita
374 3098 520 3182 pinifero
535 3097 666 3162 Boreas
680 3115 758 3162 cum
772 3097 939 3164 'lbracius
954 3099 1056 3167 Ossae

219 3209 389 3286 Incubuit,
404 3193 564 3273 resonant
578 3213 751 3291 quassatae
766 3209 898 3274 turbine
912 3210 1030 3291 silvie:

219 3319 392 3386 Murmure
406 3337 470 3382 nee
485 3319 579 3382 muto
595 3316 708 3394 Nilus,
724 3337 802 3382 cum
816 3318 859 3382 de
874 3316 1064 3386 Cataractis

219 3427 421 3512 Praecipitat
435 3427 528 3492 duris
541 3425 651 3492 illisu
667 3427 824 3492 cautibus
838 3428 948 3494 undas

218 3537 324 3603 Astra
338 3539 470 3614 lavans,
485 3538 606 3602 surdas
620 3535 851 3603 babitantibus
864 3539 1009 3604 obstruit
1021 3557 1134 3608 aures.

220 3645 394 3730 Scipiadae
409 3647 520 3712 duleis
535 3647 685 3712 stimulat
698 3647 849 3716 vindicta
863 3655 1036 3716 catervas:
1092 3713 1101 3722 .

220 3756 399 3822 Caesareas
414 3758 532 3839 ingens
546 3758 668 3842 premit
681 3759 867 3844 indignatio
879 3767 1019 3840 turmas,

220 3865 325 3945 Quod
338 3885 429 3932 nova
443 3865 603 3933 dabmctc
618 3870 804 3937 succedunt
817 3873 938 3957 praelia
952 3871 1102 3957 Magno:

219 3973 450 4059 hrenumque
463 3975 552 4042 alius
566 3977 699 4044 Ductor
713 3980 872 4047 civilibus
885 3985 1000 4048 minis.

220 4083 390 4166 Sanguine
404 4091 596 4168 merguntur
609 4089 734 4172 campi,
749 4091 930 4176 vicinaque
950 4093 1057 4160 inulto

218 4193 343 4261 Tincta
355 4215 473 4262 cruore
487 4197 609 4281 palus;
632 4203 666 4263 et
680 4199 772 4283 quod
786 4205 838 4267 tot
850 4203 992 4282 vulnera
1006 4203 1146 4272 mbram

221 4301 386 4372 &bibunt
398 4306 535 4387 damen,
549 4307 744 4376 iracundam
757 4313 872 4394 putria
885 4319 982 4382 terras
