2696 4852
152 254 218 334 ipse
231 261 422 314 etuoctmna
443 249 571 332 imagine
594 247 709 314 tbeatri
725 249 909 312 suiaudiem
922 253 1061 332 phnsnm
1081 253 1113 314 in
1136 255 1255 318 modum

149 359 288 440 planctus
313 361 546 435 circumsonare,
568 369 600 420 et
622 379 708 419 mane
728 378 795 418 cum
814 358 898 437 pullo
911 355 1155 435 amiculo(nefas)
1175 361 1255 442 apud

147 464 294 544 principia
318 475 496 546 conspectus
509 475 566 526 est.
605 468 767 544 Nunquam
792 463 889 524 acrior
910 484 1008 544 neque
1029 465 1156 526 alacrior
1174 488 1254 528 exer·

149 570 230 652 uitus
255 572 383 632 enoris
408 571 475 634 fuit.
492 611 496 614 -
516 571 591 632 lude
611 571 737 630 classica
763 571 859 650 prius,
879 569 949 629 inde
964 570 1033 632 tela.
1074 573 1256 634 Adnotatum

148 697 269 756 quoque
283 675 493 738 committentis
504 675 598 736 aciem
611 675 738 736 Crastini
747 675 860 754 pilnm;
881 674 933 754 qni
952 694 1021 734 mox
1038 674 1147 736 adacto
1167 676 1197 736 in
1220 697 1254 738 os

146 782 257 862 gladio,
279 784 322 844 sic
335 783 413 845 inter
426 785 571 844 cadavera
585 791 730 862 repertus,
750 780 906 840 libidinem
919 799 955 840 ac
972 780 1085 840 rabiem
1107 802 1167 860 qua
1180 802 1254 862 pug.

145 895 276 958 mseras,
297 888 360 966 ipsa
374 887 504 948 novitate
519 889 645 948 uulneris
655 886 843 966 preferebat.
886 885 948 946 Sed
966 906 1022 946 nec
1043 886 1140 946 minus
1161 885 1252 948 admi-

145 992 268 1056 rabilior
282 993 358 1054 illius
383 993 479 1052 esitus
503 992 586 1053 belli.
628 992 750 1072 Quippe
765 1011 834 1052 cnm
854 990 1015 1072 Pompeius
1028 991 1105 1052 adeo
1119 995 1251 1071 equitum

145 1095 234 1174 copia
248 1095 423 1168 abundaret,
446 1105 480 1157 ut
490 1097 577 1157 facile
591 1097 846 1157 circumventurus
861 1093 918 1156 sibi
933 1097 1078 1156 Caesarem
1092 1099 1251 1170 videretur,

145 1199 364 1262 circumventus
388 1201 452 1280 ipso
466 1213 521 1262 est.
562 1203 641 1263 Nam
655 1223 723 1264 cum
737 1202 790 1262 diu
809 1222 896 1280 aquo
910 1211 1003 1262 marte
1026 1205 1250 1276 contenderent,

139 1307 287 1386 jussuque
310 1307 444 1386 Pompeii
457 1308 540 1368 fusus
554 1329 572 1368 a
585 1329 677 1370 cornu
696 1310 842 1389 erupisset
863 1309 1024 1389 equitatus,
1045 1320 1167 1390 repente
1182 1311 1251 1372 binc

144 1413 227 1492 signo
240 1413 322 1486 dato,
343 1415 561 1476 Germanorum
572 1416 711 1476 cobortes
725 1424 841 1476 tantum
855 1416 886 1474 in
900 1415 1011 1476 effusos
1024 1417 1140 1496 equites
1150 1416 1250 1478 fecere

143 1521 295 1600 impetum,
316 1529 350 1580 ut
364 1520 404 1580 illi
413 1541 477 1580 esse
490 1521 618 1602 pedites,
640 1523 671 1582 bi
684 1523 785 1582 venire
796 1521 825 1580 in
840 1521 926 1600 equis
941 1521 1120 1581 viderentur.
1161 1522 1249 1580 Hanc

143 1635 271 1704 stragem
292 1624 438 1704 fugientes
456 1625 618 1708 equitatus,
650 1627 721 1686 levis
741 1637 898 1687 armaturas
922 1627 1006 1686 ruina
1029 1627 1170 1686 comitata
1193 1634 1249 1688 est.
1343 1683 1344 1686 ,

143 1729 229 1792 Tunc
258 1741 370 1792 terrore
395 1731 482 1792 latius
509 1731 590 1804 dato,
627 1733 816 1794 turbantibus
844 1733 967 1794 invicem
995 1734 1098 1813 copiis,
1133 1732 1249 1811 reliqua
1343 1741 1344 1772 l

141 1845 252 1916 strages
272 1838 357 1916 quasi
369 1856 426 1897 unu
439 1857 527 1900 manu
541 1837 621 1898 iacta
633 1849 690 1899 est.
732 1840 799 1900 Nec
815 1839 873 1900 ulla
887 1859 934 1898 res
956 1839 1048 1918 magis
1069 1839 1160 1900 exitio
1181 1838 1249 1910 suit,

143 1963 233 2024 quarn
245 1943 309 2023 ipsa
322 1944 468 2004 exercitus
483 1944 666 2022 magnitudo.
708 1946 825 2005 Multus
839 1945 869 2004 iu
883 1965 920 2005 eo
935 1945 1039 2024 praelio
1063 1945 1173 2015 Caesar,
1188 1962 1249 2002 mc-

81 2074 85 2083 ·
141 2049 267 2130 aliusque
289 2049 365 2109 inter
379 2050 585 2128 imperatorem
600 2061 631 2110 ct
649 2051 780 2113 militem.
823 2051 923 2111 Voces
937 2070 1056 2130 quoque
1071 2047 1248 2128 obequitan-

139 2155 177 2215 tis
199 2165 343 2234 crceptae,
364 2156 455 2216 altera
482 2163 614 2228 cruenta,
636 2155 688 2216 sed
710 2155 810 2228 docta,
831 2165 863 2216 et
886 2156 925 2216 ad
953 2156 1105 2216 victoriam
1129 2151 1247 2232 efficax,
1343 2155 1344 2162 ’

125 2261 241 2336 Miles,
262 2261 368 2321 sacient
389 2261 465 2320 seri:
486 2262 578 2320 altera
601 2260 639 2320 ad
649 2239 849 2338 jactationem
868 2263 1046 2342 composita,
1068 2262 1162 2322 Parce
1177 2259 1248 2318 civi·

118 2366 217 2437 ‚buss
239 2367 390 2444 cumipse
419 2377 602 2444 sequeretur.
657 2368 786 2428 Felicem
813 2377 965 2446 utcunque
993 2368 1024 2426 iu
1048 2367 1132 2428 malis
1158 2366 1248 2426 Pom.

139 2469 252 2554 peinm,
273 2471 299 2532 si
320 2472 422 2532 eudem
447 2473 639 2551 ipsumque
665 2473 826 2533 exercitum
851 2476 928 2552 ejus,
950 2473 1070 2534 fortuna
1097 2471 1245 2534 traxisset.

139 2581 294 2660 Superstes
304 2577 441 2656 dignitati
454 2599 515 2639 sua
529 2579 611 2650 uixit,
633 2588 667 2639 ut
687 2599 754 2640 cunr
777 2581 888 2657 majore
912 2579 1061 2640 dedecore
1075 2598 1129 2656 per
1146 2577 1245 2638 Tbes-

140 2663 231 2746 salica
243 2685 358 2764 Tempe
369 2705 449 2763 equo
462 2683 586 2762 fugeret,
602 2684 706 2763 pulsus
721 2685 855 2756 larissa3
872 2685 902 2745 in
914 2685 1032 2745 deserto
1047 2683 1161 2770 ,Ciliciae
1176 2703 1244 2744 sco.

138 2791 228 2870 pulo:
250 2791 349 2871 lugam
361 2791 391 2852 in
405 2792 541 2864 Parthos,
557 2790 700 2864 Africam,
716 2793 763 2852 vel
774 2793 936 2872 AEpyptum
949 2792 1093 2870 agitaret:
1116 2797 1150 2850 ut
1161 2789 1244 2850 deni·

138 2915 196 2976 que
210 2896 240 2958 in
253 2897 408 2958 Pelusiaco
418 2898 527 2971 littore,
541 2895 665 2977 irnperio
677 2897 808 2960 vilissimi
819 2901 907 2978 regis,
918 2897 1047 2958 consiliis
1063 2897 1241 2976 spadonum,

136 3012 176 3078 et,
198 3023 235 3064 ne
248 3003 321 3082 quid
335 3004 419 3064 malis
431 3003 520 3076 desit,
542 3003 677 3082 Septimii
699 3003 858 3064 desertoris
873 3004 918 3064 sui
941 3004 1041 3084 gladio
1066 3003 1240 3076 trucidatus,

136 3109 192 3170 sub
206 3109 300 3172 oculis
315 3110 413 3170 uxoris
428 3129 490 3170 sure
504 3110 725 3188 liberorumque
746 3119 920 3172 moreretur.
962 3110 1040 3179 Quis
1062 3129 1119 3170 non
1136 3128 1242 3188 perac-

134 3223 198 3274 tnut
220 3233 284 3274 esse
307 3233 376 3274 curn
400 3215 543 3292 Pompeio
566 3214 702 3276 crederet
726 3213 863 3274 belluml
904 3215 1005 3293 Atque
1029 3214 1126 3274 acrius
1139 3214 1238 3274 multu

134 3329 226 3398 atque
240 3319 442 3382 vehementius
464 3321 629 3380 Thessalici
651 3321 780 3380 incendii
808 3321 920 3380 cineres
941 3309 1111 3382 recaluere.'
1141 3321 1182 3381 Et
1206 3321 1239 3382 iu

136 3425 265 3506 AEgypto
280 3426 398 3505 quidem
409 3426 549 3488 adversus
561 3425 710 3488 Cauarum
724 3427 788 3486 sine
803 3427 939 3505 partibus
951 3427 1074 3487 bellum.
1117 3424 1238 3503 Quippe

134 3549 203 3592 cnm
219 3531 394 3592 Ptolemaens
408 3551 460 3592 rex
474 3531 672 3604 Alexandria,
688 3549 832 3590 summurn
847 3531 940 3592 civilis
956 3531 1025 3592 belli
1042 3531 1138 3590 scelus
1151 3548 1239 3608 pere·

133 3636 234 3716 gisuet,
254 3635 411 3716 ioednsque
426 3637 562 3698 amicitia
578 3657 645 3698 cnut
662 3636 779 3698 Casare
791 3635 888 3696 medio
904 3635 1038 3714 Pompeii
1052 3634 1150 3713 capite
1169 3653 1237 3694 san·

133 3739 235 3814 risset,
255 3743 396 3804 ultionem
411 3743 486 3804 tanti
502 3743 556 3803 viri
581 3743 715 3804 manibus
740 3752 889 3818 quarente
916 3742 1042 3813 fortuna,
1064 3759 1155 3800 causa
1175 3759 1236 3800 non

131 3846 238 3908 deluit.
281 3849 441 3926 Cleopatra
463 3849 541 3926 regis
569 3867 652 3908 soror
674 3847 768 3908 affusa
796 3847 923 3908 Caesaris
952 3847 1088 3928 genibus,
1118 3854 1234 3924 partem

131 3953 419 4033 regnireposcebat.
462 3954 579 4016 Aderat
599 3955 706 4034 puella
722 3954 826 4027 forma,
848 3963 959 4034 etqua
982 3953 1184 4034 duplicaretur
1196 3973 1235 4040 en

131 4061 192 4133 illo,
214 4057 297 4140 quod
311 4058 377 4120 tulis
397 4077 485 4138 passu
499 4059 658 4124 videbatur
674 4059 826 4140 injuriam:
850 4059 951 4120 odium
965 4057 1058 4138 ipsius
1073 4059 1160 4137 regis,
1182 4057 1235 4135 qni

131 4164 266 4248 Pompeii
285 4165 398 4228 cedem
419 4163 641 4243 partiumfato,
663 4183 723 4228 nou
751 4165 859 4228 Casari
882 4165 1019 4245 dederat,
1041 4163 1121 4224 baud
1142 4161 1234 4254 dubie

131 4269 210 4334 idem
225 4271 254 4332 iu
269 4273 365 4352 ipsum
379 4287 502 4332 ausurus
529 4270 554 4332 si
579 4271 760 4354 expedisset.
802 4271 900 4342 Quam
925 4269 978 4334 ubi
999 4269 1101 4332 Cesar
1114 4269 1235 4344 restitui
