2708 4866
354 375 603 456 LUCANJ.
649 371 766 456 mu.
803 375 873 454 111.

50 553 226 638 Tempore
243 558 323 630 sunt
334 557 420 638 apto
434 549 570 620 insidier
582 567 602 632 3=
614 547 790 633 uictorque
805 551 944 614 cruento

50 663 191 750 Perque
206 665 311 742 viros,
326 677 455 748 perque
471 681 567 728 arma
577 660 673 738 riam
685 679 848 728 mucrone
862 659 1024 742 recludit3

52 775 189 861 Bisque
203 774 318 859 fugam
333 771 452 856 Caesar
466 773 577 850 sulam
590 770 760 840 ducendo
775 770 920 856 pararit.

100 885 196 950 Dum
209 904 319 970 prope
332 884 432 966 signa
447 883 686 978 Direusn,ridit
700 880 882 964 Rbuspiue
896 881 1050 960 duorum,

51 993 276 1080 Infestasque
288 992 447 1078 Aquilae,
463 991 576 1070 Uticae
593 992 781 1077 Pompeius
796 993 930 1076 egebat.
1032 1027 1035 1040 ·

55 1103 163 1171 Hane
179 1103 266 1170 Cato
282 1105 454 1188 praesidiis
468 1105 596 1185 teunit3
619 1123 698 1180 eum
711 1105 763 1170 sie
780 1103 866 1170 Cato
881 1109 1021 1172 sauctus

54 1215 256 1302 Alloquitur
264 1216 438 1300 juvenem,
452 1221 490 1282 et
501 1216 604 1282 dietis
619 1215 765 1300 castiget
778 1215 910 1280 amicis.

55 1327 166 1410 Surge
181 1327 303 1392 smmis
319 1325 476 1411 Pompei,
482 1341 656 1410 :megum
664 1327 771 1412 patris
786 1345 901 1394 assere
915 1345 1049 1407 nomen,

56 1437 104 1502 Et
118 1439 250 1522 generis
260 1437 373 1512 tatum
386 1438 482 1508 tund.
505 1441 656 1510 serame
670 1442 819 1504 remotos

54 1537 237 1624 Terrarum
250 1553 391 1624 bantus,
407 1565 469 1632 per
482 1564 652 1633 regnaque
668 1549 791 1616 dissita
805 1569 922 1632 quaere

57 1657 217 1738 Quantus
232 1659 569 1742 sustentarentur,
583 1664 796 1744 quantasque
811 1661 948 1744 reliquit

58 1769 95 1836 N
97 1771 221 1836 ominis
235 1770 365 1838 haeredi
375 1770 456 1840 selo
470 1771 526 1838 tel
539 1771 793 1858 nemine-vires.

56 1882 218 1966 Pompeii
232 1887 313 1948 nato
329 1883 464 1967 gladius
479 1903 557 1966 qnae
572 1887 662 1950 terra
674 1881 838 1967 negabit?

58 1993 149 2074 Quae
164 1994 227 2058 tibi
241 2013 311 2061 nou
325 1994 456 2062 classes
469 1993 589 2080 (aruris
604 1999 731 2078 pacate
744 1992 912 2080 paternis)

56 2103 215 2188 AEquora
227 2104 452 2187 praebebunt't
474 2105 587 2170 bustis
598 2110 631 2170 te
646 2105 776 2170 viribus
790 2123 928 2188 aequum

55 2213 172 2280 Tanta
184 2215 270 2279 lacit
283 2214 393 2291 same,
403 2219 438 2279 et
451 2214 578 2302 munde
593 2215 787 2280 venerabile
800 2235 935 2282 nemen.

54 2323 96 2390 Si
110 2323 195 2390 libet
209 2322 385 2399 Oee'iduos
402 2323 505 2392 Orbis
518 2329 648 2392 tentare
662 2345 831 2402 recessus,

56 2435 308 2520 Hispanosque
321 2454 451 2504 armam
467 2441 591 2514 buces,
603 2442 664 2504 tna
675 2439 778 2522 signa
790 2442 949 2522 sequetur

55 2547 241 2624 Cantaber,
256 2554 292 2614 et
305 2547 415 2616 Celtis
428 2549 581 2614 sesiatus
594 2568 723 2614 nomen
735 2549 874 2630 Iberus3

54 2657 103 2723 Et
116 2663 191 2724 tota
205 2658 388 2734 Herculeis
402 2660 513 2743 pubes
528 2679 551 2724 a
565 2658 735 2742 Gadibus,
749 2660 839 2726 altos

55 2766 116 2834 Ad
131 2767 330 2852 Pyreneus,
345 2773 564 2854 extremaque
578 2771 694 2836 littora
707 2770 836 2836 mundi.

53 2878 95 2943 Si
110 2879 194 2944 nibil
217 2879 355 2956 omnino
369 2879 490 2964 peu-ie
504 2881 698 2948 miseranda
711 2888 863 2949 moveret

55 2991 207 3057 Afflictae
222 2991 343 3070 facies,
359 2992 390 3056 si
404 2991 454 3056 nil
468 2992 631 3058 mnriuua
644 2997 797 3058 moveret

56 3101 227 3180 Libertas,
243 3121 435 3186 possesque
449 3102 568 3170 hilaris
582 3093 708 3171 servire
723 3108 886 3186 tyranno:

54 3212 109 3279 Te
124 3213 260 3298 privata
272 3217 387 3280 tamen
400 3213 658 3304 seeerentmala
672 3211 823 3283 Caesaris
835 3212 978 3282 bostem

56 3322 97 3388 Si
111 3327 209 3408 pater
223 3343 317 3388 arma
332 3330 410 3400 tuus
424 3345 488 3410 pre¹
502 3325 820 3408 libertate'gerebat,

55 3435 186 3502 Nullus
200 3436 236 3500 in
250 3435 421 3505 Emathiis·
433 3439 524 3529 plus,
540 3457 643 3522 quam
656 3443 705 3513 tu,
721 3435 869 3522 perdidit
882 3436 990 3502 arvis:

56 3549 128 3614 Sed
144 3549 212 3614 sibi
227 3549 258 3614 si
273 3550 409 3632 genitor*
418 3568 543 3636 campe
558 3549 723 3634 pugnavit
736 3548 773 3612 in
786 3549 859 3628 illo,
975 3569 984 3584 ·

55 3659 172 3725 Multo
186 3665 266 3724 sunt
278 3665 339 3726 tua
353 3660 478 3732 Quina
490 3661 562 3732 illie
575 3660 718 3745 maiora,
733 3662 863 3745 tibique

54 3770 212 3838 Abstulit
226 3770 412 3855 Imperium
424 3772 570 3840 viceris
584 3770 733 3839 Caesaris
748 3772 852 3838 orbis.

55 3881 128 3949 Sed
142 3883 245 3962 bona,
261 3904 340 3969 quae
354 3885 502 3952 moriens
517 3883 660 3951 Genitor
674 3885 737 3952 tibi
752 3903 834 3952 vera
845 3885 981 3970 reliquit

55 3997 146 4062 Sunt
158 3997 241 4062 ute
256 3997 467 4082 exemplum,
478 4002 513 4064 et
527 4003 697 4082 gestarum
711 3997 857 4064 imitatio
869 4017 990 4064 rerum.

56 4108 150 4176 Haec
164 4109 228 4174 tibi
242 4115 420 4194 perpenso,
436 4129 515 4195 quse
529 4131 600 4176 nen
612 4111 726 4178 invisa
737 4115 892 4195 potestas

55 4221 219 4300 Caesaris,
235 4226 296 4287 aut
308 4221 729 4308 fonunapntestaulerre,
743 4223 936 4288 manebunt.

54 4335 246 4404 Labentem
260 4333 413 4404 Patriam
427 4337 551 4404 teneris
565 4337 720 4424 suscepit
733 4337 778 4404 ab
791 4335 902 4412 aunis,
931 4358 937 4366 ·

1093 379 1172 452 535,
