2708 4866
97 422 100 428 .
191 365 501 434 SPEGIMEN
535 365 989 434 BELLICIVILIS.
1068 369 1169 438 ·499
1258 367 1265 372 ’

61 539 192 618 Pallas,
213 545 249 606 et
261 540 431 624 ingentem
451 539 607 624 quatiens
624 537 816 604 Mavortius
830 540 985 622 bastam3

61 641 260 735 Magnaque
275 669 354 716 eum
370 648 505 744 Phoebo
521 667 627 726 soror,
647 654 682 714 et
697 648 853 733 Cyllenia
866 652 982 735 proles
1009 721 1012 728 ,

61 759 272 846 Excipit,.uc
286 762 367 827 totis
383 760 505 825 similis
520 758 716 842 Tirynthius
731 762 829 826 actis.

62 869 268 936 Intremuere
282 861 386 950 moa,
401 889 443 936 ao
458 870 569 934 scisso
585 849 771 935 Discordia
788 870 879 935 crine

62 981 196 1046 Extulit
209 981 254 1046 ed
270 1001 413 1066 superos
428 981 582 1064 Stygium
605 987 719 1066 caput.
742 981 844 1068 hujus
866 981 974 1047 inore

4 1181 5 1186 ἵ
62 1091 251 1158 Concretas
266 1093 416 1176 sanguis,
437 1097 649 1176 contusaque
667 1092 797 1158 lumina
815 1091 952 1160 flebant.
1043 1094 1046 1109 '
1128 1083 1137 1092 ’

15 1279 18 1286 ,
62 1203 207 1268 Stabant
221 1205 316 1268 aereb'
331 1203 455 1268 scabra
467 1203 621 1285 mbigine
636 1201 772 1284 dentem

61 1311 164 1404 Tabo
176 1313 292 1397 lingua
305 1313 425 1390 fluens,
441 1314 588 1398 ,obsessa
603 1312 808 1378 draconibus
823 1333 895 1398 ora,

62 1422 177 1506 Atque
191 1423 364 1490 intertorto
384 1422 568 1487 laceratam
589 1431 727 1506 pectore
746 1431 876 1490 vestem

62 1533 289 1618 Sanguineam
308 1534 451 1599 tremula
465 1535 641 1619 quatiebat
654 1535 816 1620 lampedo
830 1537 961 1603 dextra.

63 1645 152 1711 Haec
174 1651 212 1711 ut
225 1645 346 1729 Cocyti
360 1647 529 1724 tenebras,
545 1652 579 1711 et
592 1646 735 1711 Tartara
749 1647 860 1736 liquit,

61 1757 142 1824 Alte
156 1758 243 1842 petit
256 1757 412 1840 grediens
428 1758 515 1843 juga
532 1757 665 1822 nobilis
679 1755 887 1841 Appennini,

61 1867 159 1933 Unde
177 1886 295 1932 omnes
309 1872 426 1944 terras,
442 1873 544 1952 atquo
559 1868 674 1933 omnia
695 1868 810 1960 littora
829 1872 948 1950 posset

60 1975 239 2062 Aspicere,
254 1997 295 2043 ac
315 1983 389 2043 toto
403 1977 573 2044 fluitantes
588 1979 669 2042 orbe
683 1985 861 2044 'catervast

60 2088 173 2174 Atque
186 2089 251 2154 has
266 2091 411 2174 erumpit
424 2089 605 2155 furibundo
619 2093 759 2171 pectore
773 2103 899 2154 voces:
970 2155 982 2162 ,

62 2198 189 2265 Sumite
196 2198 293 2264 'nuno
309 2205 426 2282 gentes
441 2201 597 2265 accensis
610 2199 779 2263 mentibus
795 2217 907 2278 erme3

60 2308 200 2388 Sumite,
216 2315 250 2375 et
264 2311 300 2375 in
313 2310 450 2374 mediae.
465 2310 632 2374 immittite
651 2308 829 2394 lampadas
850 2309 962 2373 urbae.

60 2416 225 2485 Vincetur
245 2421 441 2504 quicunque
455 2420 558 2486 latet:
580 2441 649 2486 non
670 2420 796 2484 femina
816 2424 941 2496 cesset,

61 2527 139 2594 Non
152 2549 250 2614 puer,
264 2535 325 2595 aut
345 2549 422 2595 aevo
433 2530 506 2614 jam
522 2531 677 2598 desolata
697 2538 867 2598 senectus.
898 2534 900 2540 ’

60 2637 141 2724 Ipsa
155 2644 279 2706 tremat
298 2639 428 2717 Tellus,
444 2641 660 2726 lacerataque
680 2647 771 2708 tecta
785 2641 959 2707 rebellent.
1085 2631 1088 2640 “
1193 2715 1196 2726 Ι

59 2749 111 2815 Tu
124 2751 246 2834 legem,
262 2749 427 2816 Marcelle
442 2757 534 2818 tene:
557 2759 595 2818 tu
609 2757 753 2818 concute
774 2751 911 2836 plebem

60 2859 171 2940 Curio,
187 2865 226 2926 tu
240 2860 361 2926 sortem
375 2881 418 2926 ne
433 2863 606 2946 supprime
621 2864 763 2928 Lentule
780 2863 935 2928 Martem.

60 2968 149 3050 Quid
168 2991 272 3060 porro
293 2977 331 3038 tu
347 2971 436 3038 Divo
451 2973 519 3038 tuis
540 2974 709 3040 cunctaris
728 2973 763 3066 in
779 2959 904 3038 armisl

60 3079 137 3146 Nou
157 3083 286 3164 frangis
309 3083 453 3166 portast
475 3102 545 3147 non
566 3085 670 3170 muris
688 3082 818 3169 oppida
837 3083 956 3160 selcia,
989 3121 994 3128 -

57 3190 318 3276 Thesaurosque
332 3194 447 3279 rapis:
468 3193 582 3257 nescis
603 3199 640 3258 tu
664 3193 789 3276 Magne
810 3194 895 3258 tueri

58 3299 233 3367 Romanas
251 3304 370 3369 acies?
394 3303 589 3386 Epidauria·
601 3304 726 3368 maenia
741 3309 868 3386 quaere,
1006 3339 1008 3345 ,

56 3404 344 3497 Thessalicosque
359 3413 453 3478 sinus
467 3413 616 3478 humano
636 3415 799 3496 sanguina
818 3413 920 3496 tinge.

58 3518 199 3588 Factum
220 3527 275 3588 est
292 3523 449 3617 interris,
472 3523 636 3611 quicquid
656 3519 841 3590 Discordia
854 3524 969 3609 jussit.
