2708 4866
407 888 817 958 SUPPLEMENTUM

280 1065 949 1264 noorai*

440 1455 562 1512 LIBER
580 1455 763 1522 QUINTUS.

45 1915 281 2008 Ronanus
296 1959 394 2008 arces
409 1943 510 2009 celeri
528 1943 673 2011 victoria
686 1941 779 2009 lama
900 2017 905 2026 ,

43 2050 198 2118 Caesan's
213 2053 381 2120 intrasset.
427 2053 535 2120 Fictis
550 2061 679 2120 certare
693 2051 806 2140 parati

43 2161 233 2248 Obsequiis
248 2165 422 2249 complent
436 2163 604 2231 Pboebeia
613 2164 744 2250 palatia
758 2161 890 2228 Patres.
999 2219 1006 2232 .

41 2271 148 2357 Aque
163 2279 282 2357 quater
296 2275 394 2341 denis
407 2273 582 2362 (quamvis
596 2277 733 2342 devicta
747 2275 792 2340 sit
804 2275 884 2358 ipsa

42 2381 113 2448 Illo
129 2382 243 2450 Roma
257 2384 330 2476 die)
350 2385 534 2452 decernunt
546 2392 629 2453 rota
643 2386 775 2451 diebus.

40 2493 229 2560 Caeduntur
243 2495 358 2576 Tauri,
374 2503 537 2583 gratoque
552 2499 674 2563 alteria
687 2495 783 2561 thure

40 2604 178 2672 Cuncta
192 2607 314 2674 calent.
328 2625 392 2676 neo
408 2615 459 2674 tot
473 2617 552 2675 sunt
564 2609 694 2693 templa
708 2611 827 2673 ornata
842 2607 990 2704 coronis,

40 2715 132 2781 Cum
146 2717 246 2782 Latio
262 2718 381 2786 audita
395 2725 448 2785 est
462 2721 545 2785 olim
559 2719 705 2786 victoria
718 2717 804 2784 felix

39 2824 230 2910 Scipiadae,
246 2835 281 2893 et
295 2829 394 2896 fusus
409 2826 636 2896 Zamensibus
652 2816 828 2896 Hannibal
840 2830 942 2895 arvis.

39 2939 114 3002 Ant
127 2959 206 3004 cum
219 2939 419 3006 Teutonicis
430 2942 568 3008 intravit
578 2943 707 3007 moenia
719 2941 829 3006 victor

38 3049 189 3114 Exuviis
204 3049 348 3116 Marius.
365 3070 435 3116 non
449 3051 529 3135 plus
543 3051 702 3118 felicibus
717 3050 821 3116 armis

13 3201 14 3204 =
40 3159 245 3226 Externisve
256 3181 406 3246 unquam
420 3163 539 3228 laetata
552 3183 602 3242 es,
617 3157 740 3240 Roma,
756 3160 909 3244 tropteis,

38 3271 155 3352 Quam
169 3293 259 3339 nuno
274 3275 403 3340 amissa
417 3291 480 3360 pro
494 3273 649 3354 libertate
664 3271 862 3355 triumphas.
887 3288 892 3298 ¹

81 3383 171 3448 'lbm
180 3384 289 3480 justp,
300 3385 422 3449 meruit
435 3404 537 3470 quem
551 3381 667 3448 Gallia
681 3383 775 3448 victa
788 3377 969 3463 triumpho,

38 3496 227 3580 Dilatoque
244 3495 313 3574 diu,
325 3497 473 3581 jungunt
488 3495 637 3562 Decreta
654 3493 800 3556 Senatus

36 3607 125 3671 Tres
142 3607 241 3685 alios,'
256 3613 388 3672 veteres
402 3613 441 3672 ut
455 3609 568 3693 possit
582 3603 701 3670 Caesar
714 3601 843 3667 honore

36 3715 231 3782 obscurare
248 3717 376 3795 Duces,
394 3736 608 3803 pompasque
623 3711 790 3780 excedere
808 3716 971 3794 cunetas3
1087 3805 1090 3814 Ι

36 3827 153 3910 thue
167 3828 388 3913 triumphales
403 3836 547 3913 utroque
562 3849 584 3894 a
599 3826 736 3894 cardine
751 3823 868 3890 laurus

36 3936 205 4003 Ornarent
219 3940 344 4023 pariter
360 3959 498 4005 currus:
522 3936 741 4005 Australibus
753 3937 817 4002 illa

35 4049 226 4134 Splendida
240 4043 381 4129 divitiis,
398 4051 519 4118 Boreae
534 4049 729 4135 generosior
743 4049 811 4114 ista

37 4158 179 4226 Robore
191 4167 225 4227 et
235 4161 390 4227 exuviis:
413 4165 568 4252 utpiotis
582 4161 684 4226 mista
699 4157 872 4224 Britannis

35 4273 187 4358 Agmina
200 4273 340 4340 Niliaca
353 4273 523 4353 incedant,
537 4279 575 4340 ut
589 4271 663 4338 sole
676 4271 834 4354 perustos

36 4383 203 4460 Mazaces
218 4384 298 4450 albo
314 4383 515 4452 comitentur
530 4399 672 4468 corpore
686 4377 813 4446 Saevi:
