2756 4896
159 375 253 448 ,aas
286 451 289 456 ,
488 371 979 439 suenusueuuuu

190 553 231 617 In
245 570 360 635 pugna
374 549 602 632 opprimerent
614 547 729 611 hostes
744 567 789 610 ex
804 547 887 610 urbe
901 553 1049 612 ruentes.

233 662 302 726 Sed
317 661 435 724 fauces
445 677 533 742 pene
548 662 709 739 angustas
725 657 907 738 obsederat
921 657 1040 723 Isthmi

76 835 83 850 ,
190 772 330 855 Scipi03
354 768 522 834 Caesareis
537 768 747 850 adversaque
764 773 877 832 castra
891 769 1041 834 locasset

193 881 356 963 Magnum
371 897 459 962 opus
473 877 663 952 intendens;
678 877 708 939 si
722 897 792 942 non
807 879 876 942 cita
891 898 1004 962 pugna
1017 879 1175 956 daretur,

190 989 381 1075 Aggeribus
395 990 543 1066 structis,
559 989 729 1070 ductaque
744 988 789 1052 ad
802 989 917 1053 littora
931 989 1036 1066 fossa,

192 1103 368 1186 Deceptus
382 1101 451 1164 illis
464 1100 637 1164 includere
651 1097 810 1163 saucibus
824 1099 950 1162 hostes.

143 1241 146 1250 ·
192 1213 262 1277 Sed
278 1219 429 1296 coeptum
445 1212 555 1275 celare
571 1229 681 1286 suum,
696 1208 752 1273 vel
766 1208 852 1272 ferre
867 1213 1005 1291 paratus

192 1323 371 1388 incursum
385 1321 478 1397 belli,
494 1320 637 1404 pulchro
651 1319 786 1383 iustruit
804 1318 920 1382 ordine
935 1323 1068 1387 turmas.

193 1433 369 1497 Romanas
383 1430 497 1494 medio
511 1430 663 1511 legiones
677 1429 753 1512 ipse
768 1405 950 1511 gubernat3

190 1542 260 1608 Tot
272 1543 385 1608 varias
400 1540 519 1604 dextro
535 1545 651 1622 gentes
667 1559 731 1604 sua
745 1539 843 1621 signa
855 1545 990 1604 secutas

192 1651 274 1716 Rex
286 1651 309 1717 J
310 1651 380 1715 uba
394 1650 541 1714 ducebat
556 1669 679 1728 comu;
701 1649 893 1732 laeuamque
908 1649 1045 1714 tenebat

194 1763 236 1827 ln
252 1761 392 1844 Libycis
407 1759 532 1836 Varus,
548 1757 660 1822 Gallis
674 1758 846 1822 Labienus
861 1760 896 1822 in
914 1760 1015 1823 armis

191 1871 459 1954 Teutonicisque
473 1870 593 1948 ferox;
616 1868 745 1952 alarum
758 1867 936 1946 frontibus,
952 1869 1031 1934 altis

194 1981 384 2065 Aggeribus
398 1980 493 2045 bello
506 1978 641 2058 similes.
650 1977 786 2042 stabant
800 1977 1016 2061 Elephantes.

194 2092 262 2158 His
272 2091 383 2176 juncti
394 2089 511 2154 Getuli
526 2089 679 2171 Equites
702 2086 931 2172 Numidaeque
944 2094 1117 2155 steterunt.

193 2203 290 2268 Pone
304 2202 394 2266 seras
416 2201 520 2264 variae
537 2205 653 2282 gentes
667 2199 760 2263 levia
773 2217 867 2264 mma
881 2200 1050 2282 gerebant,

193 2311 326 2376 Amati
335 2310 463 2394 jaculis
479 2309 604 2385 Mauri,
619 2309 852 2394 pharetrisque
868 2329 998 2379 veneno

193 2421 288 2486 lllita
302 2420 480 2502 gestabant
494 2419 651 2508 scelerati
666 2419 801 2502 spicula
815 2419 934 2490 Mibae.

193 2531 342 2596 Caesaris
357 2537 392 2594 at
405 2535 589 2612 postquam
603 2530 801 2602 instructam
815 2531 998 2614 procedere
1012 2532 1101 2598 vidit

192 2641 375 2726 Scipiades
390 2640 511 2714 aciem,
527 2640 620 2704 clera
633 2641 686 2710 sic
700 2661 786 2706 voce
801 2643 957 2708 cobortes

193 2751 338 2816 Incitat:
362 2749 406 2814 oh
422 2749 581 2815 Romana
594 2771 726 2832 manus,
742 2771 822 2842 spes
837 2753 913 2818 sola
926 2753 1084 2828 Senatum,

194 2863 238 2927 Et
251 2862 371 2946 patriae
386 2861 503 2938 tutela,
520 2861 642 2936 animis
657 2863 708 2928 sic
722 2863 847 2928 robora
861 2869 979 2947 posset

193 2972 329 3038 Addere
344 2973 507 3038 Ductoris
522 2973 694 3062 facundia,
710 2979 838 3057 quauta
851 2974 976 3046 diserto

193 3081 402 3164 Argumenta
416 3081 534 3147 darent
548 3083 681 3154 miserae
696 3088 748 3162 tot
761 3085 902 3158 uulnera
917 3083 1051 3162 Romae,

192 3191 334 3257 Viribus
349 3193 509 3260 extinctas
524 3194 628 3275 leges,
639 3195 898 3277 venerandaque
907 3195 998 3278 jura,

192 3302 344 3386 Ipsaque
358 3301 501 3373 libertas¹
511 3303 615 3368 armis
629 3323 797 3386 oppressa
809 3305 990 3382 nefandis?

193 3412 230 3476 Si
245 3413 365 3494 patriae
382 3413 510 3490 clades,
526 3415 557 3477 si
571 3414 712 3506 publica
725 3413 851 3480 damna
863 3435 1000 3486 movere
1042 3460 1044 3469 J

192 3519 254 3584 Nil
268 3527 425 3604 poterant
437 3528 578 3598 mentes,
595 3524 734 3599 coinon
749 3522 930 3602 Pharsalia
941 3525 1054 3590 luctus

192 3629 358 3694 Exhibuit
371 3631 541 3714 proprios,
555 3616 913 3719 postsequetaneus?
936 3637 1013 3720 quis
1027 3656 1095 3704 noa

67 3771 71 3791 ·
192 3738 263 3805 Aut
277 3739 397 3807 iratres
412 3740 495 3817 illic,
511 3748 571 3818 aut
584 3749 684 3816 natos
698 3751 820 3824 moeret
833 3747 1038 3830 ademptast,

190 3849 214 3913 J
216 3869 272 3913 am
285 3865 376 3914 nunc
390 3849 528 3944 ultrices
543 3860 700 3946 spectant
713 3861 765 3922 tot
777 3857 920 3941 pignora
934 3856 1082 3952 derebus,
1179 3865 1192 3888 ⁶

189 3959 258 4026 Tot
273 3959 367 4026 chari
381 3960 515 4038 Manes.
538 3969 637 4040 tanto,
647 3966 704 4032 hic
718 3985 783 4032 nos
793 3965 921 4050 justius
935 3985 1035 4042 arma,

193 4069 370 4136 induimus
386 4091 488 4155 quam
503 4073 716 4152 Thessalicis,
728 4073 965 4160 Pompeiusin
986 4079 1087 4155 arvis,

189 4179 330 4258 Quanto
344 4179 562 4260 Thessalicis,
571 4191 734 4270 augentur
749 4187 890 4264 crimina
904 4188 1041 4273 campis

190 4287 352 4356 caseus.
368 4293 533 4364 accedent
545 4300 616 4388 tem
625 4295 731 4379 justae
747 4297 899 4372 Numina
913 4317 1041 4374 causae.
