2708 4866
242 411 553 482 SPECIMEN
585 413 761 482 BELLI
793 415 1036 494 clvlnls,
1129 421 1198 489 497

80 585 246 666 Deerant,
267 593 328 653 aut
344 587 476 653 tumida
495 587 705 654 confractum
723 589 885 672 grandine
900 573 1047 658 coelmnr
1136 619 1140 628 ·

79 697 178 782 ipsae
197 699 271 784 jam
283 700 392 766 nubes
407 705 517 783 ruptae
536 719 640 784 super
658 721 754 766 arma
768 701 948 782 cadebant,
1008 691 1016 708 '

1 817 3 830 ¹
79 807 128 874 Et
142 815 304 878 concreta
319 811 399 893 gelu
413 810 517 876 Ponti
531 811 626 876 velut
638 811 731 876 unda
744 813 874 878 ruebat.

78 915 189 982 Victa
203 924 276 982 erat
291 919 419 1002 ingenu'
434 920 552 986 Tellus
567 923 657 1000 nive,-
677 922 838 1006 victaque
854 925 935 990 coeli

80 1025 217 1106 Sidera,
233 1029 326 1095 victa
345 1031 419 1096 suis
433 1031 597 1098 haerentia
610 1033 749 1099 timnina
762 1034 867 1118 ripis;

74 1132 246 1208 'Nondum
264 1137 384 1206 Caesar
398 1145 488 1206 erat:
512 1143 576 1209 sed
591 1163 749 1225 magnam
762 1129 866 1210 nix'us
880 1146 917 1210 in
929 1143 1063 1212 hastam
1181 1173 1184 1183 ·

81 1247 235 1315 Horrida
250 1251 382 1316 scurris
396 1251 574 1334 frangebat
588 1254 761 1335 gressibus
776 1271 868 1324 arva.

37 1445 42 1454 ὓ
80 1356 401 1442 QualisCancusea
410 1363 596 1430 decurrens
611 1363 736 1430 arduus
753 1383 832 1432 arce

79 1467 424 1555 Amphitryoniadem-
446 1479 505 1558 aut
525 1480 623 1539 torvo
637 1473 774 1559 Jupiter
788 1493 858 1567 ore,

81 1579 199 1659 Quum
220 1603 258 1647 se
280 1584 464 1660 verticibus
479 1585 593 1668 magni
616 1585 751 1650 demisit
766 1584 917 1669 Olympi,

79 1690 126 1755 Et
138 1693 363 1776 periunomrn
378 1693 515 1780 disjecit
530 1695 599 1760 tela
614 1695 809 1779 Gigantum.

81 1799 175 1867 Dum
198 1802 315 1870 Caesar
324 1806 477 1878 -turnicas
497 1807 603 1872 iratus
619 1807 777 1890 deprimit
792 1823 910 1872 arces:

80 1911 218 1978 Interea
237 1911 377 1980 volucer
395 1915 497 1982 motis
513 1917 694 1988 conterrita
707 1917 829 2000 pennis
879 1911 892 1925 ⁸
1029 1969 1054 1986 .,
1097 1965 1100 1970 -

80 2021 190 2088 Fama
210 2026 314 2102 volat,
335 2027 526 2111 summique
545 2027 631 2110 petit
641 2026 727 2110 juga
743 2025 837 2090 celsa
851 2023 984 2092 Palati:
1051 2063 1054 2068 ·
1148 2083 1152 2092 .
1174 2047 1176 2052 ’

80 2133 196 2218 Atque
211 2135 276 2200 hoo
298 2135 457 2202 Romano
472 2137 616 2202 attonito
639 2135 703 2220 fert
720 2137 834 2200 omnia
855 2137 973 2218 signa:

78 2243 103 2310 J
105 2263 160 2310 arn
174 2246 305 2312 classes
321 2247 452 2314 fluitare
472 2247 569 2324 mari,
585 2251 744 2329 totasque
766 2251 826 2329 per
841 2245 951 2330 Alpes

80 2353 226 2421 Fervere
251 2357 421 2424 Germano
437 2357 595 2442 perfusas
616 2357 778 2438 sanguiue
794 2363 932 2422 turmas.

78 2461 198 2542 Arma,
220 2487 330 2546 cruor,
345 2469 471 2546 caedas,
487 2468 657 2544 incendia,
672 2473 813 2558 totaque
827 2467 920 2532 bella
1011 2521 1013 2526 .

78 2573 170 2641 Ante
194 2579 314 2644 oculos
329 2580 483 2648 volitant.
507 2597 586 2661 ergo
607 2578 744 2660 pulsata
758 2576 903 2642 tumultu
941 2581 943 2588 “

78 2687 227 2754 Pectora
246 2709 308 2774 per
323 2691 446 2762 dubias
468 2676 666 2754 scinduntur
681 2688 796 2753 territa
811 2706 947 2766 causas.
1008 2737 1020 2786 Α.

79 2799 175 2864 Huic
190 2801 271 2884 iuga
286 2822 347 2886 per
361 2807 479 2878 terras,
495 2800 546 2866 illi
561 2799 670 2881 magis
684 2797 777 2864 unda
796 2797 978 2880 probatnr;

78 2910 126 2976 Et
140 2911 252 2995 patria
266 2919 319 2978 est
341 2911 473 2980 Pontus
484 2912 558 2996 jam
571 2911 685 2976 tutior.
709 2913 762 2975 est
776 2907 897 2990 magis,
914 2924 1008 2972 arma
1080 2977 1082 2982 .

79 3019 151 3102 Qui
166 3027 294 3088 tentata
306 3023 409 3090 velit:
431 3023 579 3113 latisque
590 3019 791 3105 jubentibus
807 3023 917 3095 actus,

78 3131 253 3214 Quantum
273 3136 418 3220 quisque
433 3134 539 3211 timet,
555 3135 685 3198 tantum
703 3129 800 3212 sugit.
824 3128 920 3194 ocior
932 3128 1009 3212 ipse
1145 3193 1147 3200 ,

77 3243 159 3311 Hos
175 3247 261 3312 inter
281 3252 394 3313 motus
412 3245 573 3330 populus,
589 3239 782 3308 miserabile
797 3240 886 3332 ¹visu,

77 3354 159 3436 Quo
178 3377 274 3422 mens
289 3357 360 3422 icta
369 3356 478 3440 jubet,
495 3355 629 3420 deserta
653 3352 787 3418 ducitur
801 3351 895 3414 rrrbe.

76 3467 216 3532 Gaudet
230 3467 344 3532 Roma
360 3467 453 3550 fuga,
477 3465 706 3547 debellatique
725 3461 876 3542 Quirites
935 3497 937 3502 ·

76 3575 240 3642 Rumoris
262 3577 376 3642 sonitu
389 3577 570 3652 moerentia
583 3579 675 3640 tecta
688 3572 892 3654 relinquunt.

76 3687 142 3753 Ille
157 3707 261 3754 manu
275 3689 409 3774 trepida
422 3694 524 3756 natos
538 3691 647 3754 tenet:
670 3683 728 3748 ille
749 3687 891 3766 penates

76 3789 238 3866 Occultat
252 3801 395 3884 gremio,
409 3799 691 3884 deploratumque
706 3793 865 3877 relinquit
886 3860 889 3871 ι

76 3910 208 3988 Limen,
224 3917 259 3976 et
271 3911 447 3979 absentem
462 3911 553 3976 votis
568 3906 726 3974 interficit
739 3905 884 3972 hostemr

76 4021 164 4086 Sunt
178 4021 239 4106 qui
254 4020 459 4106 conjugibus
472 4019 652 4092 maerentia
672 4023 816 4102 pectora
826 4015 985 4101 jungant,

75 4131 358 4218 Grandaevosque
373 4135 510 4215 patres;
533 4130 713 4213 onerisque
732 4129 859 4210 ignara,
864 4126 1027 4211 juventus

73 4242 139 4322 Tu,
161 4263 313 4330 proquo
331 4243 463 4320 metuit,
479 4245 610 4308 tantum
629 4240 741 4306 trahit.
765 4237 881 4305 omnia
894 4255 1014 4302 secum,

75 4353 145 4420 Hic
165 4355 263 4422 vehit
276 4351 483 4442 imprudens,
498 4353 718 4497 prardgnqque
733 4350 770 4418 in
783 4345 1027 4432 praeliaducit.
