2696 4852
171 321 175 334 ·
200 271 339 352 primore,
363 280 396 332 ut
408 267 549 353 copem,
564 255 727 352 potuisset.
763 260 827 336 Sed
841 253 890 332 ille
902 289 957 351 per
967 251 1076 329 obsessi
1089 265 1214 328 claustra
1226 251 1299 343 por-

201 387 250 438 tus
271 386 418 439 nocturna
440 377 513 457 fuga
532 380 636 440 evasit.
675 380 779 460 Turpe
793 379 888 438 dictu.
910 375 999 436 modo
1014 373 1145 454 princeps
1166 376 1299 450 patron,

200 483 285 562 pacis
300 483 433 562 bellique
457 483 634 558 moderator,
650 505 705 564 per
722 484 934 564 triumphatum
954 501 972 541 a
993 503 1024 542 se
1041 499 1116 540 mare
1129 479 1260 538 lacerata
1272 481 1302 532 et

200 606 289 668 praue
304 589 407 648 inermi
428 609 503 649 nave
520 589 664 668 fugiebat.
705 592 773 652 Nec
790 591 949 669 Pompeius
967 588 1006 647 ab
1024 587 1115 656 ltalia,
1138 601 1229 662 quam
1253 599 1300 639 δὲ·

201 701 292 753 natus
306 693 346 752 ab
359 693 433 753 urbe
447 693 567 772 sugatur
584 696 682 774 prior:
706 717 796 776 quam
810 716 895 775 poene
909 713 1029 754 menam
1043 702 1127 762 metu,
1145 690 1250 750 caenr
1262 683 1304 742 in-

204 817 333 876 gressus,
356 801 507 859 cousulem
522 821 555 860 se
570 801 634 880 ipse
648 801 731 862 facit.
772 801 918 861 AErariatn
938 817 1058 878 quoque
1072 803 1209 864 mactum,
1231 789 1304 870 quiz

203 891 317 963 tardius
336 905 513 983 aperiebant
538 907 678 980 Tribuni,
703 907 797 986 jussit
825 906 962 986 effringi:
993 921 1164 981 censumque
1190 905 1225 958 et
1255 914 1305 974 pa

201 989 376 1070 trimouium
403 1013 507 1092 populi
529 1014 659 1074 Romani
684 1026 753 1074 ante
779 1012 877 1092 rapuit
901 1031 990 1090 quam
1011 1007 1168 1089 imperinm.
1209 1006 1305 1066 Pulso

203 1113 368 1194 fugatoque
397 1117 550 1196 Pompeio,
580 1119 684 1180 maluit
719 1119 802 1198 prius
817 1117 971 1178 ordinare
1007 1115 1177 1196 provincias,
1209 1131 1304 1190 qnam

202 1218 300 1299 ipsum
313 1221 423 1299 sequi.
466 1221 594 1283 Siciliam
623 1233 656 1284 et
682 1225 846 1286 Sardiniam
870 1243 997 1286 aunone
1025 1223 1152 1301 pignora,
1176 1239 1243 1298 per·¹
1263 1217 1304 1276 le·

203 1321 290 1403 g‘atos
315 1325 428 1386 babuit.
471 1327 553 1387 Nihil
572 1329 680 1390 hostile
702 1340 767 1391 erat
787 1332 817 1390 in
843 1330 952 1390 Gallia.
972 1345 1073 1406 pacem
1094 1325 1155 1404 ipse
1177 1322 1303 1383 lecerat.

205 1429 265 1492 sed
276 1430 315 1490 ad
327 1425 540 1507 Hispanienses
546 1431 681 1511 Pompeii
691 1435 837 1497 exercitus
848 1431 1009 1494 transeunti
1019 1451 1072 1511 per
1081 1449 1142 1490 eam
1152 1427 1233 1498 duci,
1241 1445 1309 1506 por·

206 1542 252 1594 tas
266 1535 405 1595 claudere
426 1555 498 1598 ausa
520 1539 658 1600 Massilia
673 1551 728 1601 est.
770 1541 891 1613 Misera,
911 1539 983 1599 dum
999 1537 1082 1616 cupit
1101 1553 1210 1614 pacem,
1234 1529 1308 1592 belli

206 1631 287 1726 metu
302 1641 333 1703 in
357 1644 468 1704 bellum
487 1645 610 1706 incidit:
632 1647 685 1706 sed
700 1647 771 1726 qnia
791 1645 864 1706 tutis
883 1645 973 1705 muris
988 1651 1061 1716 erat,
1076 1639 1149 1700 vinci
1163 1657 1228 1700 eam
1251 1636 1309 1696 sibi

203 1747 295 1825 jussit
307 1748 432 1810 absenti.
474 1753 615 1812 Graecula
629 1753 744 1826 civitas,
759 1771 819 1811 non
841 1771 896 1831 pro
917 1749 1040 1810 mollitia
1057 1746 1186 1817 nominis,
1201 1753 1235 1802 et
1251 1741 1310 1800 val·

205 1852 268 1913 lum
287 1855 414 1928 caedere,
439 1865 469 1917 et
489 1857 646 1918 incendere
667 1857 816 1918 machinas
840 1877 923 1930 ausa,
948 1866 979 1918 et
999 1853 1137 1934 congredi
1160 1849 1308 1910 navibus:

208 1959 259 2019 sed
277 1961 398 2034 Brutus,
413 1963 462 2022 cui
479 1964 648 2024 mandatnm
663 1974 725 2024 erat
739 1963 859 2034 bebum,
874 1964 970 2024 victos
993 1971 1070 2022 terra
1092 1957 1218 2035 marique
1245 1971 1310 2032 per·

205 2055 338 2128 domuit:
361 2087 432 2126 mox
448 2067 631 2128 dedentibus
655 2089 719 2129 sese
732 2069 832 2129 ablata
851 2069 951 2128 omnia
965 2075 1072 2147 praeter
1092 2069 1188 2142 (quatu
1202 2059 1307 2139 potio·

76 2225 82 2236 ,
205 2191 269 2232 rem
279 2171 417 2231 omnibus
433 2172 595 2246 habebant)
606 2173 783 2235 libertatem.
827 2177 950 2254 Anceps
965 2174 1144 2250 variumque,
1157 2177 1186 2228 et
1198 2183 1310 2226 cruen-

208 2261 273 2337 tum
292 2277 323 2336 in
345 2277 490 2355 Hispania
506 2278 616 2338 bellurn
630 2299 697 2339 cum
712 2281 817 2359 legatis
837 2283 894 2343 Cn.
907 2279 1041 2358 Pompeii
1056 2275 1168 2337 Petreio
1181 2283 1212 2332 et
1223 2270 1311 2331 Afra-

207 2382 277 2452 nio,
300 2400 377 2460 qnos
392 2382 604 2444 llerdrecastra
618 2385 771 2459 babentes,
786 2388 867 2468 apud
890 2385 1017 2448 Sicorim
1036 2401 1149 2444 amnem
1162 2377 1311 2448 obsidere,

208 2495 241 2548 et
268 2487 382 2567 oppido
409 2489 606 2552 intercludere
630 2493 810 2570 aggreditur.
852 2491 975 2552 Interim
1003 2489 1200 2550 abundatione
1228 2481 1311 2545 verni

208 2591 350 2669 fluminis,
378 2596 593 2656 commeatibus
618 2597 766 2675 probibet.
807 2596 857 2657 Sic
882 2596 960 2657 fame
985 2605 1082 2656 castra
1100 2599 1209 2653 tentata
1231 2597 1312 2654 sunt,

209 2697 407 2777 obsessorque
431 2700 494 2777 ipse
519 2701 604 2780 qnasi
630 2701 846 2764 obsidebatur:
877 2701 930 2762 sed
954 2701 1007 2762 ubi
1034 2719 1092 2778 pur
1117 2693 1245 2756 dominis
1267 2711 1313 2752 re-

210 2801 293 2873 diit;
321 2803 565 2881 populationibus
593 2817 624 2866 et
653 2825 753 2884 pugna
781 2825 903 2885 campos
933 2805 1070 2885 aperuit;
1100 2802 1204 2861 iterum
1227 2797 1316 2858 sem

210 2907 320 2978 iustat;
343 2917 374 2967 et
397 2901 538 2969 cedentes
564 2910 605 2994 ad
627 2911 817 2972 Celtiberiam
836 2921 1026 2982 consecutus,
1048 2926 1153 2988 aggere
1171 2914 1201 2964 et
1222 2902 1314 2970 vallo,

140 3091 144 3096 ι
209 3023 240 3074 et
269 3033 324 3092 per
350 3012 415 3071 baec
442 3012 491 3071 siti
515 3013 553 3072 ad
580 3012 763 3075 deditionem
792 3017 949 3096 compulit.
990 3014 1040 3074 Sic
1069 3011 1187 3074 citerior
1205 3009 1317 3085 Hispa-

206 3118 256 3178 nia
273 3127 395 3196 recepta
412 3125 469 3190 est,
487 3137 543 3178 nec
567 3119 691 3180 ulterior
704 3139 814 3180 moram
829 3119 911 3180 fecit.
954 3117 1036 3188 Quid
1059 3116 1138 3176 enim
1162 3131 1219 3174 una
1238 3117 1311 3190 post

211 3222 343 3302 quinque
357 3223 510 3302 legionesi
531 3227 638 3304 ltaque
653 3226 730 3288 ultro
742 3225 869 3286 cedente
883 3226 1027 3296 Varrone,
1049 3221 1160 3292 Gades,
1183 3220 1314 3285 Fretum,

211 3329 360 3399 Oceanus,
369 3329 466 3388 omnia
475 3329 647 3392 felicitatem
654 3332 781 3392 casaris
790 3331 1000 3410 sequebantur,
1021 3326 1145 3406 Aliquid
1154 3333 1253 3386 tamen
1264 3321 1317 3381 ad·

210 3453 311 3494 vasus
324 3433 476 3495 absentem
491 3437 600 3497 ducem
610 3453 682 3495 ausa
689 3435 810 3494 t'ortnua
817 3445 865 3494 est
877 3435 957 3496 circa
966 3433 1120 3514 illyricum
1129 3439 1162 3491 et
1171 3428 1315 3495 Africam.

212 3539 296 3618 qussi
319 3538 358 3598 de
379 3539 523 3600 industria
546 3557 690 3619 prospera
716 3538 782 3615 ejus
806 3539 936 3600 adversis
958 3539 1151 3599 radiarentur.
1192 3535 1317 3613 Quippe

211 3663 279 3705 cum
294 3644 394 3704 fauces
408 3643 553 3704 Adriatici
567 3643 654 3704 maris
669 3643 749 3722 jussi
767 3661 915 3724 occupare
931 3643 1087 3706 Dolabella
1109 3651 1140 3700 et
1156 3639 1317 3717 Antonius,

211 3750 261 3809 ille
275 3749 407 3828 illyrico,
421 3747 470 3807 bic
486 3749 644 3828 Corcyreo
658 3747 756 3810 littore
768 3758 866 3809 castra
880 3749 1059 3828 posuissent,
1075 3746 1139 3824 jam
1154 3745 1244 3805 maria
1257 3745 1317 3802 late

212 3860 330 3914 tenente
344 3852 498 3930 Pompeio,
512 3861 635 3930 repente
648 3861 746 3915 castra
756 3855 870 3932 legatus
881 3853 948 3932 ejus
959 3851 1114 3924 Octavius,
1135 3859 1166 3912 et
1180 3849 1256 3910 Libo
1275 3831 1317 3907 in·

214 3955 350 4036 gentibus
377 3957 471 4036 copiis
498 3957 688 4018 classicorum
714 3957 862 4036 utrimque
887 3957 1103 4020 circumvenit:
1135 3953 1318 4016 deditionem

214 4059 307 4120 sames
321 4061 442 4121 extorsit
453 4060 597 4121 Antonio·
637 4062 742 4125 Missae
756 4081 877 4143 quoque
891 4081 909 4122 a
922 4063 1033 4123 Basillo
1047 4061 1077 4122 in
1090 4058 1231 4120 auxilium
1250 4056 1316 4132 ejus

214 4175 303 4238 rates,
323 4153 426 4244 quales
435 4165 535 4244 inopia
547 4167 665 4228 navium
676 4167 798 4242 facerat,
813 4163 890 4229 nova
903 4167 1227 4246 Pompeianorum-arte
1246 4160 1317 4222 eili-

216 4273 368 4338 cumactis
379 4273 434 4335 sub
443 4271 516 4336 unsri
525 4271 658 4347 funibus,
669 4270 766 4356 'capta
777 4275 861 4354 qussi
875 4293 930 4354 per
940 4271 1120 4352 indaginem.
1130 4269 1205 4332 duas
1219 4275 1316 4330 tamen
