2708 4866
176 395 243 462 ⁵76
481 393 974 464 SUPPLEMENTUM

46 597 53 606 .
178 563 338 632 Sulcates
352 569 482 630 vertere
495 563 617 642 undas,
631 566 809 650 tonsisque
824 569 989 634 secabant

116 687 120 700 “
179 675 367 741 Excussis:
389 675 495 739 ductu
509 676 715 758 spumabant
728 677 856 742 cerula
871 698 969 746 cano.

180 781 370 850 innumerae
384 766 510 870 pariter
524 785 686 853 tolluntur
700 787 745 850 ad
757 787 884 876 athera
897 808 1015 856 roem.

181 879 258 962 Nec
269 897 343 982 jorn
357 913 525 962 remorum
540 897 684 976 sonitus,
700 897 882 981 clangores
896 899 1054 964 tubarum

179 1005 301 1074 Audiri
315 1011 492 1092 poteraut:
514 1006 689 1086 hominurn
703 1008 852 1084 clampre
866 1014 1086 1094 premuntur:

181 1115 250 1182 Sed
263 1135 388 1193 remos,
403 1121 577 1200 vocesque
592 1099 765 1182 hominum
780 1117 994 1204 sonitumque
1008 1119 1174 1184 tuberum

181 1225 395 1293 Bacchantes
409 1228 513 1303 venti,
529 1232 817 1312 tempestatesque
832 1247 966 1294 sonorae

181 1335 390 1421 Exuperant.
413 1336 538 1402 nimbis
552 1337 678 1422 pariter
687 1338 883 1424 jaculisque
897 1338 1018 1405 diurna

182 1446 261 1512 Lux
274 1447 385 1530 periit,
401 1446 517 1512 densis
531 1454 567 1512 et
580 1447 746 1515 inhorruit
758 1451 850 1515 unda
864 1449 1026 1528 tenebris,

106 1621 111 1632 ,
180 1555 270 1622 Tum
284 1563 394 1622 rostra
406 1554 498 1620 haud
513 1556 598 1622 visis
612 1564 797 1625 sonuerunt
811 1559 915 1628 obvia
926 1559 1057 1625 rostris.
1170 1629 1174 1637 ,

183 1667 374 1734 Occurrunt
388 1667 466 1732 aliae
481 1667 622 1752 proprio
638 1671 815 1738 conamine
829 1689 956 1739 naves:

184 1779 354 1846 Hostibus
369 1778 538 1864 objiciunt
551 1777 638 1846 alias
653 1781 781 1862 agitata
793 1781 955 1865 procellis
1034 1867 1038 1876 Ι
1067 1811 1068 1814 “

181 1890 346 1975 AEquora,
361 1895 396 1955 et
410 1889 534 1956 invitas
549 1889 665 1956 forsan
680 1909 880 1956 concurrere
895 1898 1034 1976 coguut.

184 1998 342 2066 Navibus
356 1999 486 2068 elidum
499 2019 618 2078 naves,
633 1999 874 2084 hominumque
888 2000 993 2072 furori

181 2109 329 2176 Additur
342 2111 394 2176 ira
407 2109 522 2174 maris.
546 2115 690 2176 cunctos
705 2109 874 2194 geminata
886 2111 1028 2195 pericla,

183 2221 445 2305 Dissimilasque
459 2225 570 2286 metus
584 2226 703 2306 urgent
718 2219 863 2312 caligine
878 2226 982 2290 tanta
1123 2308 1128 2313 .

135 2409 140 2420 ¹
183 2331 275 2398 Dum
289 2337 442 2416 pugnant
455 2331 527 2412 alii,
541 2331 657 2416 pelagi
671 2331 797 2401 sarcire
811 2331 927 2398 ruinas

98 2445 104 2452 '
183 2441 400 2508 Conteudunt
414 2442 484 2519 eiii,
501 2447 536 2508 ct
548 2441 744 2527 propiorem
759 2448 909 2508 avertere
922 2446 1077 2506 mortem.

183 2550 260 2618 Nec
270 2553 344 2636 Jam
359 2557 549 2646 pugnantes
564 2572 628 2637 pro
643 2550 779 2620 Caesare
795 2552 919 2618 Didius
934 2537 1064 2618 audux'

183 2661 324 2728 Hortari
338 2667 483 2746 poterat,
499 2681 563 2728 nec
582 2663 618 2728 in
633 2662 751 2728 ordine
764 2668 893 2730 vertere
908 2663 1079 2730 classem:

183 2770 266 2838 Non
280 2771 503 2858 Pompeianis
518 2771 633 2840 Varus
647 2773 808 2838 mandata
821 2773 958 2840 valebat

184 2880 354 2948 Militibus
374 2883 476 2948 dare:
498 2901 563 2948 nec
578 2901 684 2948 voces
698 2865 811 2968 fragor
826 2884 975 2969 aequoris
989 2884 1082 2950 ullas

182 2993 207 3059 J
208 3012 263 3058 am
278 2994 359 3060 sinit
373 2995 499 3076 audiri:
521 2994 644 3072 ventis,
658 2994 798 3081 satoque
811 2996 1006 3081 relinquunt

151 3089 155 3096 ⁶
183 3103 319 3183 Omnia,
335 3112 369 3172 et
383 3105 545 3172 attonitas
560 3105 692 3171 classes
707 3105 859 3172 Fortuna
871 3105 1012 3192 regebat

183 3217 309 3285 Proelia
324 3217 547 3284 committens.
569 3223 681 3284 rostro
695 3201 854 3302 perfossa
867 3204 986 3282 carina

31 3391 41 3400 .
182 3329 355 3409 Subsidet,
370 3329 525 3395 attatum
539 3329 650 3393 nescit
664 3328 722 3392 cui
736 3327 870 3408 debeat,
884 3327 989 3407 boeti,

181 3439 238 3505 An
252 3439 458 3524 tempestati.
475 3457 539 3504 nec
554 3438 631 3503 sola
644 3437 835 3522 fragoribus
850 3437 943 3504 auris

180 3551 358 3618 Tenetur:
381 3549 443 3616 sed
457 3569 529 3615 nox
544 3548 656 3614 oculis
671 3548 851 3614 obducitur
865 3555 949 3616 atra.

182 3659 260 3728 Nec
274 3665 386 3726 tamen
402 3666 455 3724 est
469 3660 651 3726 tenebrosa
666 3659 772 3725 satis:
794 3659 855 3726 sed
868 3659 998 3726 mistim
1012 3659 1085 3729 illis

182 3769 343 3837 Exoritur
356 3770 471 3835 lumen
485 3770 645 3848 tenebris,
661 3775 696 3836 et
709 3770 842 3855 fidguru
855 3777 962 3856 ponto

184 3880 313 3946 Crebra
324 3879 463 3957 micant,
479 3879 635 3964 lucisque
649 3899 947 3966 reposcerercgna
957 3882 1135 3972 uidentur.

184 3981 300 4074 Qum
314 3991 376 4057 Sol
389 4010 459 4057 non
471 3991 586 4075 potuit
601 3991 775 4078 depellunt
787 3992 922 4077 fulgura
936 3999 1085 4073 noctem,

183 4104 261 4172 nltc
277 4103 357 4168 dum
371 4103 511 4170 tumidis
526 4101 613 4168 forte
629 4107 843 4188 oppugnabit
856 4104 893 4168 in
907 4103 1008 4170 undis

182 4213 397 4301 Pompeiana
409 4214 504 4294 ratis,
519 4232 583 4279 nec
598 4234 637 4278 se
652 4211 832 4279 defendere
848 4217 967 4278 contra

183 4325 340 4393 Hostiles
354 4326 447 4392 valet
459 4326 628 4406 incursus,
643 4331 678 4391 et
692 4331 795 4410 capta
808 4321 953 4404 videtur,
977 4361 978 4366 κ

182 4433 355 4502 Vendicat
368 4437 491 4506 batum
504 4437 649 4521 pelagus
663 4434 748 4502 sibi:
770 4435 901 4522 gurgite
916 4435 1018 4522 pinus
