2708 4866
186 361 252 436 552
428 469 431 474 Ι
503 356 993 432 SUPPLEMENTUM

186 539 324 608 Exemit
337 539 443 606 virtus
459 539 550 604 curis
572 537 785 614 mortalibus,
800 536 871 602 elte

186 650 235 716 Ut
244 650 362 736 J'eceet
376 667 496 714 somno
512 665 716 732 oppressus:
740 647 802 712 sed
816 647 925 714 libere
938 647 1063 714 mentis

185 761 302 846 Erigat
315 767 353 826 ut
367 781 404 826 se
415 761 480 838 vis,
496 759 809 844 contempleturque
823 759 937 826 iirture

185 871 333 950 Secula,
348 876 382 936 et
401 877 547 936 aeternos
562 869 643 934 vitae
658 870 858 936 immortalis
873 871 1020 936 honores

227 981 317 1048 Ante
338 987 451 1047 mmen
471 980 731 1065 contemplatrix
746 1001 848 1066 quem
870 983 1031 1066 dogmate
1040 999 1138 1048 verte

184 1093 333 1160 Scruteri
347 1094 459 1178 possit
473 1091 626 1176 Sophite,
642 1094 828 1158 moralibus
839 1099 920 1178 epte

185 1205 374 1291 Praeceptis
385 1204 562 1290 purganda
576 1204 690 1270 enims
711 1209 781 1285 est;
804 1204 899 1287 prius
914 1201 1075 1288 ejiciendi

185 1316 339 1384 Affectus
356 1316 463 1400 previ,
487 1319 688 1398 cuncteque
710 1335 729 1379 e
751 1320 890 1399 pectore
905 1315 1036 1393 sordes,

70 1479 76 1488 .
186 1429 244 1494 Ire
257 1447 398 1504 nocens,
413 1431 448 1492 et
460 1427 625 1505 luxuries,
646 1433 680 1492 et
694 1427 789 1493 foede
802 1427 921 1492 libido.

186 1539 264 1604 Hos
278 1541 380 1622 igion
390 1545 503 1604 motus
518 1539 623 1604 enimi
644 1537 842 1624 (purgantis
854 1539 945 1604 sicut

186 1649 349 1735 Corporis
363 1649 521 1716 humores
536 1669 662 1734 pravos
677 1643 905 1716 medinemine
918 1645 1059 1735 tollunt)

187 1760 331 1827 Metelis
346 1762 446 1847 plene
462 1761 587 1826 educa
601 1761 788 1835 Medicina,
811 1760 1012 1843 priusquam

185 1872 360 1949 Divinum,
376 1887 612 1954 summumque
626 1870 754 1934 bonum
769 1871 949 1934 scrutarier
964 1889 1053 1936 ense

185 1981 239 2048 Sit
254 1981 529 2066 contemplando,
544 1999 587 2046 ne
603 1979 719 2046 densis
734 1993 855 2065 presse
869 1981 1018 2046 tenebris

186 2091 287 2158 Mens
302 2099 388 2159 erret
404 2113 510 2170 caece,
526 2097 561 2156 et
573 2092 667 2157 vitiis
678 2092 825 2176 decepte
839 2089 989 2156 fatiscat.

185 2203 245 2270 Sic
261 2205 364 2286 longe
377 2205 500 2269 virtute
515 2203 580 2267 fuit
599 2221 696 2266 mens
711 2209 832 2268 sancte
845 2203 989 2268 Catonis

186 2315 355 2400 Purgete3
378 2321 480 2400 etque
496 2316 546 2380 illi
561 2315 641 2380 vitae
656 2315 856 2380 immortalis
872 2315 1034 2380 honorem

184 2427 209 2494 J
210 2449 266 2495 em
280 2427 524 2514 contemplanti
539 2427 645 2494 divini
660 2426 733 2492 sete
746 2427 902 2494 Platonis

186 2539 397 2608 Phaedonem
411 2541 557 2608 eadunt
573 2559 651 2606 omn
664 2541 765 2606 letus
779 2539 864 2604 tolie
878 2539 978 2606 fatur.

187 2653 290 2720 Salve
305 2659 423 2720 sancte
437 2655 523 2718 liber
537 2653 680 2738 Superis
695 2651 843 2718 demisse
858 2651 1000 2734 Getoni3

187 2763 305 2848 Dirige
321 2769 358 2829 tu
373 2783 520 2840 cursum,
536 2763 686 2849 vitesque
700 2769 854 2830 extreme
867 2765 1012 2830 meantis

187 2874 342 2956 Instrue3
364 2895 433 2942 non
448 2875 552 2940 elium
566 2876 747 2942 moriturus
762 2897 880 2962 quaero
895 2879 1093 2960 magistrum
1109 2899 1120 2958 ;

186 2983 264 3052 Nec
279 2992 404 3052 restare
420 2967 507 3052 elios
518 2985 698 3052 voluermt
712 2987 864 3056 Numine
878 3009 990 3055 cures.

185 3093 209 3163 J
211 3117 334 3183 emque
348 3099 433 3164 mori
447 3103 540 3164 certo
555 3099 659 3164 liceat
677 3097 759 3164 milri
775 3099 919 3178 discere,
934 3100 1017 3184 quid
1031 3101 1079 3166 sit

187 3205 296 3284 Mors,
313 3207 396 3292 quid
409 3209 482 3273 vite
496 3207 571 3286 suit,
588 3210 671 3292 quid
686 3212 768 3301 erit3
789 3227 872 3276 num
885 3209 980 3276 nulle
991 3211 1106 3277 firture
1121 3219 1179 3280 est
1190 3235 1200 3296 ;

186 3317 243 3382 An
256 3319 374 3383 vivent
388 3319 510 3385 enimae
521 3325 603 3402 pest
614 3319 753 3402 innera3
775 3323 918 3405 praemie
927 3321 1031 3406 justis

141 3430 144 3438 ’
187 3428 277 3509 Ques
291 3435 434 3494 restent:
458 3449 536 3514 quse
552 3431 739 3512 meningen
753 3434 908 3500 vindicte
920 3436 1083 3500 manente.

236 3543 330 3607 Dum
344 3542 599 3626 contempletur,
614 3543 731 3607 mete
744 3561 777 3609 se
793 3545 899 3612 litera
914 3547 1004 3613 tollit

186 3654 258 3722 Nec
273 3654 411 3720 terlata
424 3655 523 3733 ades,
543 3653 783 3740 obstructaque
796 3677 937 3742 corpore
948 3661 1035 3726 mres

188 3766 352 3832 Exercere
365 3786 444 3831 eune
457 3763 629 3832 contendit
638 3765 903 3851 puresucultes.

192 3877 287 3944 lunc
300 3877 447 3943 volitans
459 3878 586 3944 mua
595 3878 695 3962 petit,
709 3879 907 3966 nimiumque
920 3888 1054 3950 resetoe

188 3989 972 4080 Atmio‚quoneeoculi,nonor9ueceensue

193 4101 355 4186 empore
363 4109 542 4187 pemtrure
555 4103 680 4185 uelem,
686 4105 860 4192 selem
873 4107 950 4174 celi

193 4213 558 4298 corporatorum,-
582 4217 1040 4307 moecenatem

189 4322 522 4412 &tremefactum
533 4331 657 4414 cuncti,
672 4331 819 4420 meque
831 4324 962 4403 lenm
