2776 4862
233 447 238 456 ,
316 375 539 446 ClVlLlS
584 378 761 492 annm
803 376 912 447 LlB.
949 375 993 446 V.
1150 379 1216 448 213

110 549 197 616 Ulla
211 550 350 617 dedisse
367 551 476 616 mibit
498 569 672 634 nunquam
687 553 738 616 sio
762 565 845 618 cura
859 551 1011 616 Deorum
1149 551 1216 617 840

109 659 158 726 Se
173 662 309 745 premit,
324 667 363 726 ut
374 666 498 726 vestrae
512 662 624 739 morti,
639 667 830 745 vestraeque
845 662 948 726 saluti

109 769 204 835 Fata
217 777 350 836 vacent.
396 770 581 836 Procerum
595 775 709 834 motus
729 771 806 836 baec
821 777 946 835 cuncta
960 777 1155 862 sequuntur,

111 879 314 946 Humanum
328 881 452 964 paucis
466 881 551 944 vivit
565 869 682 963 genus.
706 881 799 946 orbis
814 880 906 944 Iberi

112 987 258 1071 Horror,
274 995 308 1054 et
321 989 454 1069 Arctoi,
465 996 583 1056 nostro
597 991 661 1056 sub
676 991 812 1056 nomine
831 991 941 1068 miles,
1003 1007 1009 1016 ·

111 1097 284 1184 Pompeio
300 1107 390 1166 certe
404 1101 538 1185 lugeres
560 1101 771 1166 niceforus
785 1102 821 1165 in
840 1102 942 1165 armis
1148 1101 1216 1168 345

112 1207 285 1276 Ctesareis
305 1211 476 1276 Labienus
492 1217 583 1276 erat:
605 1231 695 1276 nunc
709 1211 883 1293 transfuga
903 1212 982 1278 vilis

112 1317 203 1384 Cum
218 1321 306 1386 duce
320 1323 464 1405 praelato
478 1327 596 1398 terras,
612 1328 717 1405 atque
735 1341 876 1405 aequora
889 1323 1020 1387 lustrat.

113 1427 194 1494 Neo
208 1431 327 1494 melior
336 1431 418 1496 mibi
433 1437 546 1496 vestra
560 1432 657 1509 tides,
673 1433 703 1496 si
717 1433 810 1506 bella
822 1453 886 1497 nec
901 1433 1010 1510 lloste,

114 1535 193 1602 Nec
209 1539 297 1604 duce
312 1561 366 1606 me
381 1541 507 1624 peritia,
526 1543 683 1625 quisquis
698 1563 775 1607 mea
789 1543 887 1624 signa
901 1543 1070 1626 relinquit,

114 1644 194 1711 Nec
209 1647 432 1732 Pompeianis
446 1652 549 1716 tradit
568 1671 633 1716 sua
647 1652 800 1735 partibus
816 1673 921 1730 arma,
1149 1653 1215 1720 350

114 1759 187 1825 Hic
203 1781 376 1847 nunquam
397 1754 470 1828 vul't
484 1785 561 1830 esse
575 1785 683 1830 meus.
703 1771 782 1829 sunt
802 1766 870 1830 ista
883 1766 1038 1849 profecto

114 1869 217 1936 cnrae
233 1879 347 1938 castra
357 1874 454 1951 Deis,
470 1876 530 1958 qui
545 1895 599 1938 me
622 1876 829 1942 committere
843 1875 957 1953 tantis,

114 1977 200 2046 Nou
213 1983 281 2046 nisi
291 1990 422 2048 mutato
436 1985 615 2049 voluerunt
628 1985 745 2062 milite,
761 1985 872 2052 bellis.

115 2088 210 2168 Heu,
227 2099 389 2175 quantum
408 2093 558 2160 Fortuna
571 2095 718 2158 humeris
729 2094 803 2178 jam
817 2093 968 2178 pondere
985 2096 1087 2162 fessis

114 2199 290 2268 Amolitur
309 2173 414 2268 onus!
437 2209 612 2288 sperantes
634 2205 749 2268 omnia
763 2204 901 2270 dextras
1150 2207 1217 2274 305

115 2311 303 2386 &armare
321 2315 430 2394 datur,
447 2317 571 2401 quibus
586 2315 726 2380 hicnon
748 2313 872 2381 sufficit
896 2317 999 2382 orbis.

317 2484 324 2498 .
453 2450 842 2511 mussparreimmvtees.
971 2450 1165 2516 sutrim,

115 2514 167 2562 ³49
182 2513 281 2575 reliquit,
290 2515 426 2577 relinquens,
436 2515 554 2578 relinquet,
564 2515 699 2575 relinquent.
813 2517 863 2563 350
880 2511 938 2562 Non.
1069 2519 1118 2564 550
1134 2518 1214 2566 trudet.

296 2582 346 2628 350
362 2594 416 2626 meu.
515 2579 563 2627 ³5²
580 2577 639 2626 Diis.
736 2579 786 2627 354
802 2578 872 2636 vinis,
881 2579 967 2640 pressis,
977 2579 1044 2627 lassis.

118 2705 179 2752 lutet
185 2704 220 2762 id,
236 2721 282 2767 quo
292 2707 470 2764 dalmatarum.
486 2709 601 2759 &mrem
611 2706 654 2756 mi-
678 2705 786 2770 peiores
803 2723 840 2755 me
854 2705 973 2762 deiecerit,
989 2707 1063 2756 suiuus
1081 2715 1104 2756 et
1124 2710 1215 2758 iortnus

117 2769 187 2818 brem
203 2771 288 2818 virtute
299 2780 323 2819 et
333 2773 412 2820 lsbore
422 2773 516 2820 risisse.
551 2775 655 2834 llespuu·
680 2772 747 2820 siurul
767 2788 820 2820 eum
838 2772 883 2820 fide
903 2773 1020 2828 detis-lens,
1046 2781 1142 2834 regetur
1161 2788 1215 2834 pro-

118 2833 161 2882 det
178 2835 243 2882 Deos
258 2836 426 2896 lmpessterum
436 2853 481 2884 uou
499 2837 599 2884 militum
609 2838 655 2886 sets
680 2837 748 2898 lngus
766 2853 818 2883 eum
839 2838 908 2890 duce,
932 2852 1000 2896 quern
1028 2837 1084 2884 milri
1105 2837 1215 2896 pretulit.

118 2913 219 2946 eursre:
244 2900 356 2962 inferique
380 2903 478 2962 proinde
500 2915 564 2950 susm
583 2902 656 2949 victe-
681 2900 1216 2962 Delabienidet‘eotiouesdl'omp.videque)

116 2961 178 3010 ¹1⁸³
196 2979 211 3011 ⁸
231 2963 293 3018 11111,
318 2981 364 3015 uon
384 2981 399 3013 s
414 2965 528 3014 militibus
546 2963 654 3028 pendere.
682 2965 739 3022 Dio,
756 2965 796 3014 lib.
806 2969 846 3013 41.

119 3025 255 3090 umens]
277 3028 399 3084 Fetorem,
415 3029 530 3078 effectum.
548 3029 655 3078 Hortess.
713 3031 770 3076 348.
789 3028 837 3076 Nec
847 3028 922 3076 creber
935 3029 999 3084 mibi,
1016 3025 1072 3090 dre]
1089 3027 1171 3088 Neque
1182 3035 1217 3076 ts·

181 3093 203 3138 ”.
681 3108 734 3140 uren
744 3093 827 3141 melius
835 3092 946 3152 judicabo
956 3094 986 3139 de
1005 3093 1049 3140 lide
1061 3099 1139 3140 vestre
1148 3109 1217 3154 quem

151 3157 209 3210 340,
228 3153 350 3220 Nurum
369 3158 402 3204 sie
422 3171 489 3212 cars,
511 3155 568 3219 tte]
594 3158 657 3207 Gurs
682 3156 795 3204 labieni:
812 3157 902 3205 etiemsi
921 3157 950 3204 sd
968 3156 1104 3217 Pompeium
1119 3157 1216 3206 nonde·

119 3221 206 3277 Deum,
227 3237 273 3268 nou
287 3227 333 3268 tem
354 3221 450 3270 dimittit
465 3236 490 3268 se
507 3230 532 3270 et
548 3223 578 3269 sd
599 3222 657 3270 vilis
681 3221 793 3278 feceritis,
808 3219 956 3284 nequeenim
976 3236 1020 3282 ego
1030 3220 1095 3268 illum
1108 3236 1151 3282 pro
1164 3237 1216 3270 urso

116 3284 248 3341 deseendit,
264 3294 291 3334 ut
300 3287 385 3338 restris
395 3287 464 3334 rebus
475 3293 550 3342 sseet,
566 3287 657 3346 plebem
682 3286 803 3334 babiturus
814 3301 873 3342 sum,
888 3285 934 3332 nisi
942 3285 982 3346 qui
992 3301 1055 3334 mess
1065 3293 1142 3348 partes
1150 3301 1217 3346 seeu-

117 3348 246 3411 respieiet:
273 3351 304 3400 de
331 3351 460 3410 principum
480 3350 588 3412 negotiis,
616 3351 657 3398 Dii
682 3349 809 3397 tusiuerit.

118 3419 209 3462 testum
228 3423 281 3462 saut
293 3413 387 3472 soliciti,
404 3414 451 3462 illis
465 3422 562 3464 cereos
576 3431 657 3464 omues
715 3415 771 3464 ³5³.
790 3413 882 3462 Mutato
893 3413 1011 3462 columns
1026 3413 1116 3476 milita]
1133 3413 1217 3462 Firmi·

119 3477 209 3527 serrire
220 3479 307 3528 volunt.
683 3477 764 3526 oribus
775 3478 863 3526 viribus
877 3495 908 3526 ex
924 3494 984 3528 novo
994 3477 1068 3526 milite
1077 3479 1217 3542 conseripto.

153 3544 210 3592 3⁴2.
229 3541 555 3606 modulandum]
574 3543 658 3592 Omnis
715 3545 771 3594 354.
790 3543 906 3597 Quum
922 3542 1032 3598 Fortuna,
1053 3539 1109 3606 tra]
1127 3545 1219 3604 Qusuts

117 3606 172 3654 be
182 3608 210 3652 sd
223 3608 338 3668 principes
349 3609 464 3668 ducesque
475 3609 656 3671 reiemutur,qui
682 3623 737 3656 curs
745 3624 783 3656 ure
793 3615 903 3656 exoneret
911 3608 1023 3664 Fortuns,
1038 3607 1076 3654 cui
1085 3609 1153 3656 modo
1164 3607 1219 3654 soli-

119 3679 175 3718 suut
191 3687 252 3718 eure
276 3672 340 3730 ntis,
362 3679 387 3719 et
405 3671 486 3720 volunt
504 3673 657 3720 multitudiuis
682 3671 731 3719 cito
751 3673 781 3718 de
801 3672 897 3732 premio
916 3671 1036 3729 militibus,
1054 3671 1136 3732 quibus
1155 3678 1217 3720 totus

117 3735 211 3788 lebetes
223 3735 246 3784 in
257 3736 348 3786 illorum
360 3735 556 3792 eommedsserti.
574 3737 656 3799 sulpit.
683 3737 747 3784 orbis
757 3735 896 3784 dividendus
912 3737 954 3784 six
967 3735 1088 3792 sufficeret,
1105 3751 1148 3796 pro
1159 3742 1218 3784 stre-

152 3802 210 3850 ³⁴8·
229 3799 371 3857 Humanum,
387 3799 431 3848 &o
469 3803 513 3855 lls,
530 3800 554 3848 iu
573 3817 657 3865 peuce·
682 3815 728 3848 une
745 3805 909 3861 usrstsopere
927 3799 1117 3861 pernumerendo,
1129 3801 1178 3860 J'sur
1189 3799 1217 3846 sd

119 3879 172 3912 rsus
188 3865 245 3928 (boc
259 3874 297 3914 est
306 3801 449 3928 principuus
465 3865 597 3922 utilitatem,
612 3881 657 3914 ee-
682 3880 774 3914 menum
785 3871 810 3912 et
826 3865 849 3912 iu
860 3873 1067 3926 proruptumerces
1078 3871 1113 3911 est
1126 3863 1219 3910 ebuuds

121 3930 166 3978 teri
183 3945 263 3978 omues
282 3937 405 3980 amusan
422 3939 447 3979 et
468 3931 557 3980 vivunt
592 3930 657 3979 Orbis
682 3929 831 3990 ipsorumque
850 3929 911 3976 retis
928 3927 1040 3991 expetitu,
1056 3943 1121 3974 mere
1137 3925 1218 3974 missio

120 3991 190 4050 lbet,
208 3994 266 4056 &el
292 3995 340 4052 Qui
360 4011 397 4046 sne
419 3996 479 4044 duee
495 3995 583 4052 Gellos,
600 3995 657 4044 Ger-
683 3994 890 4054 sbsqueprmmiis.

119 4073 209 4115 mus,
236 4060 355 4119 tlispsnos
375 4060 516 4116 debellantis,
539 4059 657 4121 {egissetis
715 4059 771 4108 355.
789 4057 906 4118 Spercutss
915 4057 1008 4121 omnm]
1025 4054 1072 4116 Qui
1089 4056 1219 4116 potuissent

119 4131 192 4178 ostie.
204 4125 264 4172 serti
274 4125 411 4185 Pompeium
422 4126 511 4174 ducem.
523 4125 659 4184 sdeoprses·
683 4138 746 4171 eme
756 4123 833 4170 omnis
843 4137 950 4184 spersre:
968 4129 992 4170 et
1001 4119 1128 4168 estesllide
1138 4121 1167 4168 ed
1175 4119 1217 4168 mi·

119 4189 281 4236 tstexercitus
289 4205 411 4238 cereorum
419 4188 563 4243 leouednoe,
578 4187 626 4236 bro.
683 4187 802 4248 figendum
824 4187 1013 4247 retiueudumque
1039 4185 1106 4232 rstio.
1134 4183 1217 4244 Sulpit.

154 4251 343 4310 trufenstain
361 4255 437 4314 emtis,
454 4253 510 4318 bra]
533 4252 659 4310 letiense,
684 4251 800 4312 Spemmes
808 4250 902 4314 mnam]
919 4251 1012 4311 Quibus
1029 4249 1063 4296 tu
1080 4253 1130 4296 eret
1143 4249 1218 4298 onuis

119 4317 212 4380 tegetur
226 4318 327 4366 meusiu
346 4319 408 4366 bello
428 4315 528 4376 Gallico,
544 4317 659 4378 quondum
684 4331 746 4367 sure
758 4329 859 4378 sperare.

120 4381 322 4446 fortissimique
337 4383 421 4442 sister,
436 4397 468 4431 ex
481 4396 528 4444 quo
543 4382 574 4430 sd
590 4381 659 4430 Pour-
717 4379 766 4430 ³5⁶
782 4377 927 4444 Esdram]
943 4377 1028 4428 Missus
1038 4375 1121 4424 iecere
