2790 4860
84 301 265 384 e'mprina
276 300 427 382 quievere,
440 317 529 380 qnam
542 298 574 360 in
591 299 665 360 urbe
680 297 755 379 ipsa,
774 297 874 362 medio
888 305 1002 373 senatu,
1021 317 1131 373 eornm,
1146 299 1199 379 qni

86 405 480 480 viotierantodia,viotoris
489 425 554 466 sese
563 404 644 466 ooede
655 406 806 468 satiarent.
844 403 1200 468 Causatantoeealarnita·

86 516 125 578 tis
138 515 259 590 eadem,
276 533 347 594 qum
368 503 509 586 omnium,
533 509 624 571 nimia
637 510 775 574 felicitas.
817 512 970 592 Siquidem
985 513 1118 582 Quineto
1132 511 1198 572 Me-

85 622 162 684 tello
184 627 217 682 et
243 617 339 680 Lucio
366 615 492 678 Atianio
522 615 705 690 oonsulibus,
729 639 796 680 eum
819 621 953 680 Romana
973 617 1113 696 majestas
1132 625 1198 678 toto

85 728 160 790 orbe
172 726 312 808 polleret,
335 731 529 802 recentesque
544 722 696 796 victorias,
723 723 864 784 Ponticos
883 733 914 786 et
920 715 1083 804 ,Armenios
1098 721 1200 782 trium·

85 833 165 914 pboa
190 833 222 892 in
246 827 434 908 Pompeianis
454 827 578 890 theatris
594 829 690 894 Roma
704 837 848 900 cantarat,
878 829 969 890 nimia
994 825 1127 906 Pompeii
1145 845 1199 905 po

87 938 180 1002 tentia
203 935 286 1016 apud
305 935 417 1002 otiosos
432 939 478 1014 (ut
492 935 577 1011 solet)
591 932 673 994 oives
695 935 787 996 morit
799 935 950 1006 invidiam.
993 931 1136 994 Metellus
1155 929 1196 990 ob

87 1045 276 1106 imminutum
289 1045 387 1104 Cretas
402 1041 595 1120 triumphum,
611 1041 688 1100 Cato
703 1019 843 1100 adeersus
856 1047 992 1118 potentes
1007 1033 1122 1116 semqier
1144 1033 1199 1096 ob·

88 1151 200 1230 liquos,
228 1151 398 1212 detrectare
431 1148 619 1230 Pompeium,
652 1145 786 1224 notisque
813 1145 880 1224 ejus
911 1147 1093 1223 obstrepere.
1135 1139 1197 1202 llio

87 1257 175 1318 dolor
198 1265 398 1318 transversum
412 1255 483 1342 egit,
504 1263 535 1316 et
558 1254 596 1315 nd
612 1249 751 1333 praesidia
764 1249 903 1329 dignitati
919 1247 1056 1328 paranda
1070 1244 1197 1325 impedit.

88 1363 176 1422 Forte
191 1371 266 1422 tuno
282 1363 405 1428 Crassus
420 1381 538 1440 genere,
550 1358 670 1430 divitiis,
684 1349 829 1436 dignitate
843 1357 979 1428 florebat,
994 1354 1084 1414 vellet
1097 1361 1196 1414 tamen

85 1469 237 1530 anotimes
251 1489 334 1547 opes.
376 1468 466 1530 Caius
481 1469 583 1528 Cesar
595 1462 778 1542 eloquentia,
793 1470 825 1524 et
839 1463 953 1542 spiritu,
968 1471 999 1522 et
1009 1461 1074 1538 jam
1089 1477 1196 1522 eonati·

84 1572 147 1632 latu
180 1573 376 1635 allevabatnr.
417 1571 577 1650 Pompeius
607 1579 705 1634 tamen
742 1589 832 1650 anper
855 1576 1013 1646 utrumque
1034 1561 1194 1626 eminebat.

84 1677 139 1740 Sin
165 1677 259 1758 igilur
283 1679 402 1740 Coesare
423 1677 598 1758 dignitatern
626 1698 809 1758 comparare,
840 1675 949 1738 Crasso
965 1689 1084 1753 angere,
1108 1671 1195 1732 Porn-

83 1783 154 1862 peio
170 1782 299 1844 retinere
314 1784 512 1864 cupientibus,
526 1783 723 1864 omnibusque
736 1783 845 1862 pariter
858 1780 1000 1860 potentias
1013 1773 1141 1856 eupidia,
1155 1773 1194 1836 de

82 1887 257 1950 inrndenda
282 1889 363 1968 nep.
388 1888 475 1950 iaoile
502 1869 652 1950 convenit.
694 1890 775 1968 Ergo
797 1908 864 1948 oum
890 1883 1000 1946 mutuis
1024 1881 1136 1943 viribus
1164 1879 1195 1942 in

83 2011 176 2054 snum
200 1991 328 2072 quiaque
348 1992 441 2054 deous
464 1994 617 2066 niteretur,
641 1996 770 2058 Galliam
796 1995 897 2056 Caesar
919 1991 1041 2062 invadit,
1068 1989 1193 2050 Crassus

82 2097 199 2169 Adam,
215 2097 376 2177 Pompeius
395 2098 579 2176 Hispaniam,
595 2107 655 2162 tres
669 2100 811 2168 maximos
824 2097 990 2160 exereitus:
1012 2103 1044 2154 et
1064 2083 1131 2171 jani
1150 2091 1193 2152 ain

81 2202 164 2264 orbis
189 2203 358 2283 imperinm,
390 2205 531 2266 societate
560 2205 649 2268 trium
669 2205 837 2288 principum
860 2210 1035 2282 ooonpatnr.
1076 2200 1195 2268 Deoens

82 2329 178 2370 annos
193 2310 288 2370 traxit
300 2310 359 2372 ista
380 2311 554 2374 dominatio.
595 2311 711 2372 Exinde
726 2311 866 2389 qnoniam
890 2315 994 2368 mutuo
1013 2311 1095 2364 metu
1109 2310 1192 2364 tene·

83 2415 206 2488 banurr,
222 2416 324 2478 Crassi
338 2427 431 2495 morte
445 2417 527 2497 apud
550 2417 685 2487 Parthos,
701 2423 732 2476 et
753 2421 847 2474 morte
862 2414 879 2474 J
883 2413 950 2472 uliae
972 2409 1097 2472 cesaris
1110 2405 1192 2478 filiae,

6 2595 19 2626 Ι
80 2539 151 2600 quae
178 2531 274 2600 nupta
302 2523 456 2602 Pompeio,
484 2523 584 2603 generi
612 2519 767 2599 socerique
794 2515 986 2578 concordiam
1013 2509 1192 2574 matrimonii

82 2627 196 2688 radere
213 2629 344 2702 tenebat,
359 2630 458 2692 statim
478 2627 627 2690 aemulatio
641 2626 749 2705 erupit.
789 2623 856 2684 Jam
878 2619 1021 2700 Pompeio
1040 2625 1190 2696 suspecta

83 2731 212 2796 canis
231 2753 315 2812 opes,
343 2745 374 2796 et
398 2735 509 2798 Casani
535 2731 718 2813 Pompeiana
745 2729 872 2808 dignitas
898 2727 1003 2806 gravis.
1044 2723 1112 2784 Nee
1141 2721 1190 2782 bio

83 2837 200 2898 luebat
226 2857 339 2917 parem,
363 2859 419 2900 nee
443 2839 492 2900 ille
516 2841 707 2919 superiorem.
748 2835 865 2896 Nefas!
888 2833 932 2894 sio
961 2831 999 2892 de
1017 2827 1189 2908 principato

6 2981 7 2986 κ
82 2941 267 3014 laborabant,
296 2951 438 3024 tanquam
461 2943 536 3006 dnos
565 2953 647 3006 tanta
677 2942 791 3020 imperii
821 2940 940 3000 fortuna
969 2955 1029 2996 non
1054 2941 1189 3012 caperet.

83 3047 163 3128 Ergo
185 3047 316 3108 Lentulo
334 3047 541 3129 Marcelloque
563 3048 736 3110 oonsulibus
751 3055 839 3125 rupta
864 3045 958 3124 prima
976 3036 1189 3118 conjurationis

84 3151 154 3224 fide,
167 3152 206 3214 de
218 3153 409 3216 anoeeoaione
427 3153 554 3216 Gaesaria
568 3163 690 3216 senatus
704 3153 844 3231 idemque
857 3149 1023 3230 Pompeios
1034 3143 1185 3224 agitabat:

82 3277 138 3320 neo
151 3257 202 3318 ille
215 3259 376 3332 abnuebat,
389 3259 415 3320 si
428 3260 504 3322 ratio
524 3260 568 3320 sui
585 3259 726 3339 proximis
740 3256 897 3318 committis
910 3255 1067 3316 baberetur
1080 3247 1207 3310 oonsu-'

81 3363 180 3433 ¹³1⁰ss
201 3364 329 3435 absemi,
343 3365 545 3444 quemdeoern
556 3366 678 3438 tribuni,
693 3365 811 3428 favente
826 3360 970 3440 Pompeio
980 3377 1075 3438 nuper
1088 3356 1188 3416 decre-

81 3478 195 3541 verant,
219 3480 281 3530 tnm
306 3471 508 3536 dissimulante
531 3472 636 3534 eodeni
658 3473 832 3553 negabatur.
873 3469 1006 3539 Veniret,
1025 3474 1055 3526 et
1074 3467 1189 3544 peteret

84 3577 229 3656 majorum
241 3597 334 3638 more.
374 3578 430 3638 Ille
450 3587 554 3640 eontra
574 3579 709 3659 flagitare
724 3579 854 3664 denseta,
869 3595 905 3638 ao
919 3574 975 3635 nisi
994 3573 1025 3634 in
1046 3569 1107 3632 lide
1121 3589 1190 3650 per·
1232 3606 1236 3616 »

83 3690 246 3760 manerent,
270 3699 332 3742 non
356 3697 399 3742 ae‘
413 3682 606 3748 demissorum
624 3685 797 3746 exereitum.
838 3683 919 3761 Ergo
946 3689 982 3742 nt
1007 3681 1039 3740 in
1071 3679 1187 3738 bostem

83 3786 265 3848 deoernitnr.
308 3787 364 3850 llis
380 3788 480 3850 Caesar
499 3791 638 3869 agitatos,
658 3789 765 3850 stanit
788 3788 909 3869 premia
928 3803 1077 3848 armorum
1099 3782 1189 3874 manis

81 3889 252 3952 defendere.
296 3891 395 3954 Prima
420 3893 518 3956 eirilis
546 3895 617 3956 belli
643 3913 742 3967 arena,
763 3894 850 3956 ltalia
875 3892 952 3966 luit:
984 3892 1071 3970 eujus
1101 3906 1190 3954 arses·

80 3993 192 4080 letibus
215 3995 363 4074 praesidiis
383 3997 542 4078 Pompeius
560 3999 727 4073 insederat;
749 4000 802 4063 sed
827 3999 925 4060 omnia
946 3993 1184 4062 sobitoCnsnris

80 4100 192 4180 impetn
217 4118 360 4182 oppressa
375 4113 454 4166 sunt.
494 4106 592 4167 Prima
611 4105 751 4168 Arimino
777 4107 861 4186 signa
882 4106 1064 4168 oeoinernnt.
1106 4101 1185 4162 Tnm

79 4205 182 4284 oum
206 4206 328 4270 utaris
350 4207 437 4282 Libo,
461 4209 589 4272 umas·
607 4211 765 4286 amaus,
790 4208 1101 4276 nomannorum.
1141 4205 1183 4266 nt

79 4319 231 4388 pennum
244 4319 310 4376 eret
321 4312 432 4378 ballum
452 4314 515 4382 tine
536 4317 688 4401 sanguine,
711 4319 736 4382 ai
755 4321 929 4402 Pompeium
947 4315 1107 4384 Brnndtuii
1124 4332 1183 4396 op.
