2708 4866
411 883 826 956 SUPPLEMENTUM

168 1119 947 1262 ‚nucANr

461 1407 585 1465 LIBER
604 1407 783 1464 TERTlUS.

67 1865 101 1956 J
102 1907 238 1970 nuque
252 1893 506 1978 propinquabat
517 1894 656 1975 bellum,
672 1895 849 1980 libyaque
864 1896 1001 1962 nefandi

69 2001 285 2068 Concurrunt
298 2005 418 2070 iterum
433 1998 549 2088 gl'udii,
570 2025 660 2090 quos
674 2000 843 2072 Theesala
856 2007 958 2072 tellus
1060 2029 1064 2038 ·

69 2113 239 2180 Vidisset.
254 2135 370 2200 pugno
384 2135 455 2193 cur,
472 2117 543 2196 Dii,
558 2117 716 2184 voluistis
731 2117 766 2182 in
781 2118 842 2183 iila
865 2190 870 2208 ⁹

71 2223 217 2292 Restare
233 2228 395 2310 exiguum
408 2229 658 2313 necquicquam
671 2230 847 2313 sanguinis
862 2229 962 2295 urbii

71 2335 119 2402 Ut
131 2337 253 2403 flueret
265 2345 411 2404 torrente
425 2359 528 2418 novo,
543 2339 703 2424 fieretque
718 2340 906 2405 secundum

72 2447 142 2515 Hic
159 2451 262 2516 civile
274 2451 399 2516 nesus?
422 2471 491 2516 una
505 2471 585 2516 num
601 2452 698 2516 clade
714 2452 866 2536 pudebat

69 2559 317 2646 (Quantumvis
330 2559 472 2646 magna)
493 2559 685 2626 Romanam
700 2562 882 2627 excindere
896 2570 1053 2657 geutemi

70 2669 140 2736 Aut
153 2691 225 2737 una
239 2674 323 2738 tenti
339 2673 459 2756 populi
474 2673 611 2754 regione
622 2673 739 2758 jacere

73 2782 153 2848 Non
168 2789 223 2848 est
236 2803 343 2868 passu
358 2803 478 2865 graves
493 2784 599 2848 tristis
616 2783 768 2851 Fortuna
782 2790 920 2854 ruinosi

70 2892 93 2957 J
95 2913 150 2959 am
164 2893 330 2960 Romaiu
345 2893 456 2976 Libya
471 2899 533 2958 est.
557 2895 647 2960 Latii
663 2916 739 2978 quae
755 2903 842 2962 terre
856 2899 1044 2982 triumphos

73 3005 274 3091 Spectasset
287 3007 400 3082 toties,
412 3007 486 3091 jum
501 3007 613 3072 tristia
626 3009 767 3074 vulnere
780 3016 925 3093 spectat.

115 3117 186 3185 Sed
199 3119 479 3186 levibustautum
493 3119 618 3203 pugnis
635 3125 793 3186 contentu
806 3141 987 3205 parumper

74 3227 234 3309 Fortuna,
250 3231 392 3296 extremi
407 3229 517 3296 differt
531 3232 716 3296 certamina
727 3231 860 3309 Martis,

74 3341 141 3408 Tot
155 3343 270 3410 subito
284 3348 414 3426 gentes,
430 3343 646 3427 perituraque
661 3342 768 3406 millia
782 3343 851 3406 leto

76 3453 308 3521 Condemnare
323 3454 448 3540 pudet;
469 3475 534 3520 nec
549 3453 661 3520 adhuc
675 3453 796 3543 feralia
810 3453 942 3538 Thapsi

76 3565 169 3634 Arva
180 3569 204 3634 J
205 3569 283 3634 ubue
299 3587 402 3633 casus
415 3568 540 3650 magni,
555 3567 611 3632 rel
624 3566 720 3654 triste
732 3566 896 3632 videbunt

77 3679 250 3765 Scipiadae
266 3681 418 3757 exitium,
436 3679 545 3744 donec
561 3679 719 3743 coeuntia
733 3677 831 3762 signe

78 3791 276 3870 Doctorum,
293 3799 395 3878 atque
411 3792 545 3875 aliquos
560 3791 642 3856 belli
658 3790 838 3876 Rhuspino
852 3795 1013 3860 tumultus

78 3899 185 3982 Vidit,
200 3909 235 3969 et
249 3903 404 3969 exhibunt
418 3908 520 3969 tantm
535 3901 704 3986 praeludiu
718 3903 838 3968 cladis.

119 4013 294 4099 Scipiadae
309 4035 332 4080 o
346 4015 467 4080 coenis
483 4011 562 4078 Rex
576 4012 628 4101 (in
642 4033 706 4080 sue
718 4035 822 4098 regna
836 4035 990 4081 reversus

81 4123 165 4205 Quoe
180 4127 281 4210 longe
296 4127 429 4193 infestis
443 4126 627 4212 populatur
640 4125 761 4192 Sittius
776 4124 894 4210 ermis)

81 4235 235 4305 Discedit
243 4239 422 4324 ‘paullum
443 4239 646 4324 plenumque
660 4237 840 4323 hostilibus
857 4235 957 4302 ermis

79 4347 226 4420 Advenit
237 4351 370 4438 Libyen
383 4371 452 4419 uua
464 4347 743 4436 legioneqrelicto
