2776 4862
306 357 527 474 crvrurs
571 405 746 475 nuum
792 409 904 475 urs.
939 409 1001 475 ru
1139 413 1204 478 rus

96 581 182 647 Nos
199 583 233 646 in
257 586 446 667 conspicua
461 586 579 662 sociis,
594 587 752 672 hostique
775 589 890 652 carina

96 691 320 758 Constituere
339 693 417 757 Dei.
432 695 633 778 praebebunt
648 717 788 780 aequora
805 704 921 775 testes,

98 800 316 868 Praebebunt
337 808 447 880 terrae,
470 804 610 868 summis
632 806 727 871 dabit
747 809 860 871 insula
879 808 986 872 saxis.

97 909 319 996 Spectabunt
340 913 483 993 gemiuae
499 913 634 978 diverso
649 937 669 979 e
683 915 793 980 littore
809 923 934 1000 partes.
1139 918 1205 982 405

100 1019 238 1085 Nescio
261 1021 354 1105 quod
376 1023 502 1086 nostris
516 1043 675 1106 magnum
696 1033 730 1090 et
743 1029 960 1092 memorabile
976 1027 1056 1092 fatis

100 1129 323 1216 Exemplum,
339 1131 501 1209 Fortrma,
517 1153 629 1216 paras.
645 1157 857 1221 quaeeunque
877 1159 941 1222 per
954 1157 1065 1203 aevum

101 1239 274 1306 Exhibuit
288 1243 496 1310 monimenta
508 1241 606 1320 fides,
628 1253 828 1332 servataque
843 1248 931 1312 serre
960 1292 963 1298 2

103 1349 245 1416 Militiae
267 1353 389 1436 pietas,
404 1354 561 1418 transibit
581 1361 699 1421 nostra
708 1358 881 1442 juventus.

103 1460 269 1544 Namque
292 1463 363 1526 suis
379 1483 442 1547 pro
456 1469 490 1528 te
504 1463 626 1546 gladiis
643 1467 836 1533 incumbere
851 1467 969 1533 Caesar
1140 1469 1205 1532 500

104 1572 194 1637 Esse
206 1593 327 1657 parum
349 1576 499 1640 scimus:
522 1576 583 1640 sed
604 1597 672 1642 non
693 1580 824 1662 majora
839 1584 1019 1663 supersunt
1150 1573 1265 1666 ,μ’

102 1681 282 1760 Obsessis,
297 1685 382 1748 tanti
402 1705 480 1768 quse
497 1686 639 1768 pignora
660 1689 779 1752 demus
795 1632 1097 1782 amorisff&
1111 1657 1144 1678 μ

105 1792 291 1857 Absciudit
304 1799 429 1858 nostrae
451 1797 592 1876 multum
607 1815 681 1861 sors
696 1797 814 1863 invida
826 1799 932 1875 laudi,
1199 1789 1202 1796 ’

106 1901 213 1981 Quod
237 1925 305 1969 non
322 1925 399 1969 eum
413 1896 551 1970 senibus
568 1909 661 1991 capti
675 1909 831 1990 natisque
847 1912 1008 1971 tenemur.

108 2013 300 2079 Indomitos
322 2017 411 2080 sciat
424 2037 500 2080 esse
515 2017 619 2093 viros,
635 2018 818 2100 timeatque
829 2018 988 2093 furentes,
1141 2017 1206 2080 505

108 2122 153 2186 Et
163 2125 264 2188 morti
278 2125 403 2190 faciles
427 2127 579 2191 animos:
603 2133 636 2191 et
651 2127 798 2208 gaudeat
818 2126 927 2190 hostis

108 2231 192 2298 Nou
207 2235 323 2317 pleru's
338 2234 482 2300 haesisse
502 2242 604 2300 rates.
627 2243 755 2301 tentare
771 2236 938 2319 parabunt

108 2341 325 2422 Foederibus,
348 2347 505 2428 turpique
519 2347 635 2412 volent
657 2367 869 2429 corrumpere
891 2346 973 2411 vite.

108 2451 140 2514 Ο
156 2455 297 2531 utinam,
313 2475 381 2538 quo
396 2457 475 2539 plus
489 2455 614 2521 habeat
633 2477 725 2520 mors
740 2456 843 2519 unica
864 2456 977 2532 tbmae,

106 2547 313 2629 Promittant
332 2567 478 2642 veniam,
496 2566 641 2651 jubeant
662 2585 798 2649 sperare
820 2567 984 2629 salutem:
1143 2564 1207 2630 510

108 2673 166 2738 Ne
183 2695 258 2751 uos,
277 2697 354 2740 cum
376 2677 489 2742 calido
505 2677 673 2742 fodiemus
688 2679 823 2742 viscera
837 2676 936 2752 serro,

108 2785 322 2870 Desperasse
346 2793 474 2872 putent.
491 2809 614 2872 magna
633 2790 754 2854 virtute
775 2789 970 2852 merendum
985 2793 1048 2866 est,

107 2893 230 2962 Coesar
242 2905 291 2974 ut,
308 2900 444 2963 amissis
456 2901 542 2964 iuter
563 2905 614 2963 tot
627 2899 735 2962 millia
749 2900 883 2984 paucis,

109 3004 192 3070 Hoc
219 3007 389 3084 damnum,
405 3009 607 3100 clademque
616 3017 727 3074 vocet.
744 3008 825 3072 deut
838 3009 910 3072 sata
928 3027 1111 3083 recessum,

108 3129 158 3178 493
170 3127 221 3176 Dii.
245 3121 251 3132 ³
330 3133 403 3180 4940
413 3134 508 3180 summu.
615 3133 663 3182 405
674 3131 802 3180 diveatis.
814 3131 975 3179 diuersoinlit.
1084 3132 1133 3178 496
1144 3131 1206 3191 quel.

142 3195 192 3242 498
203 3193 265 3242 betta
298 3198 349 3246 508
359 3196 477 3276 11000140.ς
497 3198 546 3244 503
555 3197 635 3244 laudis.
669 3199 717 3246 505
730 3205 849 3256 meatque.
881 3199 930 3246 509
941 3194 1006 3257 quud.
1040 3195 1089 3240 510
1101 3195 1176 3242 eitun.

143 3309 201 3357 49⁷.
221 3307 366 3370 Quucunquc
380 3323 428 3369 per,
450 3306 506 3371 dre]
524 3309 617 3366 Nostra,
634 3327 648 3358 0
672 3307 769 3356 consilio
781 3309 888 3368 deposito
899 3308 1043 3354 disocdumus
1054 3306 1083 3352 ab
1091 3306 1167 3354 aruris.

106 3375 214 3434 jureuea,
233 3373 290 3418 tides
307 3374 347 3432 pie
366 3380 390 3422 et
408 3373 497 3420 sortiter
512 3373 648 3432 Imperatori
704 3377 760 3422 509.
781 3371 910 3428 Outinum,
922 3372 978 3434 dtu]
996 3371 1076 3434 Optat,
1092 3377 1117 3417 ut
1131 3371 1209 3420 hostes

109 3436 215 3500 prastila
232 3438 352 3495 superabit
370 3439 446 3484 omnia
462 3437 563 3484 omnium
582 3445 648 3497 quot·
673 3437 743 3483 vitam
754 3437 888 3496 promittant
896 3443 997 3483 tanturn:
1011 3451 1054 3482 nou
1061 3435 1122 3496 quod
1131 3437 1210 3496 cupiat

110 3509 168 3562 quot
178 3501 282 3547 historiis
292 3501 399 3548 mandate
409 3503 500 3548 luerunt
509 3503 622 3563 exempla.
673 3501 752 3546 virere
762 3515 768 3556 3
785 3501 825 3547 aed
836 3517 864 3548 ne
875 3501 1022 3550 existimetur
1032 3501 1062 3546 oh
1071 3515 1118 3546 reru
1127 3499 1210 3560 despe-

144 3567 201 3612 502.
220 3564 333 3627 neemia]
349 3565 395 3612 Sed
411 3581 453 3612 non
470 3566 560 3612 obsessi
576 3567 649 3625 maJus
672 3573 744 3612 ratam
755 3565 800 3612 sihi
818 3565 924 3612 intulisse
940 3571 1045 3618 mortun,
1065 3563 1159 3612 vivendi
1176 3565 1209 3610 fa-

110 3629 386 3692 testiurouiuruprmtare
396 3645 579 3691 nonpossuruua.
597 3629 649 3678 sut·
673 3630 758 3676 cultate
771 3645 886 3677 concessa.
903 3631 962 3676 Num
978 3629 1071 3684 mium,
1086 3629 1156 3676 vitem
1174 3629 1209 3678 iu·

108 3695 188 3755 pitius.
379 3723 387 3733 ·
672 3694 765 3754 telligit.
785 3693 885 3740 Horum.
906 3691 1062 3756 llnicusume,
1077 3693 1132 3756 dte]
1149 3693 1209 3739 Sim:

146 3759 204 3806 504.
222 3757 316 3804 Senibus
332 3761 391 3820 cepti
412 3760 511 3822 notisque
527 3757 648 3821 tenemium]
672 3758 737 3818 pler,
749 3758 854 3804 neurim
871 3757 963 3804 aliunde
981 3756 1072 3812 timeus,
1090 3773 1134 3804 non
1150 3773 1209 3818 opus

112 3822 250 3869 Parentibus
271 3829 295 3868 et
314 3824 380 3877 natis,
399 3837 457 3886 quos
474 3823 649 3884 Saguntinorum
672 3823 760 3870 habeus
779 3823 871 3869 admoto
887 3837 1008 3869 occurrere
1026 3821 1081 3874 tato,
1099 3829 1210 3882 utsupra

112 3893 231 3946 aquaates
242 3887 309 3932 tidem
318 3888 455 3934 trucidaturi
462 3903 563 3934 essemus
572 3887 649 3950 putiua
673 3889 729 3936 400.
742 3903 776 3934 ra.
792 3901 807 3932 a
824 3885 993 3948 desperationis
1011 3885 1162 3944 imputatione
1181 3885 1209 3932 li-

113 3967 182 4012 quuu
192 3951 216 3996 in
227 3958 365 4010 potestatem
376 3953 476 3998 bostium
487 3952 598 4000 venirent.
673 3953 736 3998 bera.

146 4017 203 4064 506.
222 4014 253 4062 Et
263 4015 363 4078 gaudent
374 4015 447 4072 boetis,
466 4016 523 4080 &ol
541 4017 610 4072 Quod
629 4016 649 4062 ei
705 4019 761 4065 512.
781 4015 867 4078 Magno
878 4013 967 4067 uirtute,
981 4012 1038 4076 &c.]
1056 4011 1210 4074 0000310011-

113 4079 160 4126 illa
171 4081 224 4126 dun
239 4079 307 4125 simul
323 4080 440 4141 implieitte
452 4081 539 4128 catenis
554 4079 650 4128 ailbreut
673 4095 718 4141 quo
729 4088 754 4126 et
763 4079 874 4140 singulari
885 4077 1026 4126 fortitudinia
1037 4077 1153 4140 exemplo.

110 4143 189 4200 nebia,
201 4159 247 4190 non
257 4143 415 4192 dubitaremus
426 4145 455 4190 de
463 4144 566 4191 victoria.
705 4147 762 4193 513.
780 4143 885 4207 Paucis]
902 4143 1002 4190 Coborte
1011 4157 1064 4188 true.

147 4211 204 4256 507.
222 4207 439 4269 Μαι-0000011001
451 4207 583 4264 Peterem,
598 4217 648 4256 tur·
705 4211 760 4257 514.
780 4208 840 4256 Dent
843 4207 1033 4272 sotureceseum]
1047 4204 1159 4263 Quemvis
1166 4206 1209 4253 mi·

112 4273 186 4334 pique,
198 4272 254 4336 dte]
273 4266 316 4320 Vel
335 4289 388 4320 euin
405 4273 515 4320 servitute
532 4274 568 4320 vel
583 4273 649 4319 inbo-
672 4273 698 4320 bi
708 4274 754 4324 latu
764 4273 852 4328 darent,
863 4279 890 4320 ut
904 4271 1027 4320 ineolumis
1040 4269 1209 4334 0000110ᾱί000-

115 4347 180 4384 uesta
192 4337 312 4384 deditione
327 4339 454 4397 eonjuuetae
472 4337 526 4383 vitu
536 4337 649 4386 conditio·
673 4325 737 4390 dere,
747 4339 817 4386 uelim
824 4342 1042 4402 taureupruseuteu
1049 4340 1144 4386 mortem
1152 4334 1209 4388 elle·

114 4416 167 4450 uem
185 4401 253 4450 nobis
272 4403 363 4459 offerre,
378 4417 424 4465 quo
441 4403 554 4464 pertinaci
569 4401 649 4449 nortia
674 4417 736 4464 gere.
