2708 4866
196 327 263 396 eo
418 299 422 306 ’
504 311 1003 394 surrentinorum

196 497 411 568 Gemmatire
425 452 491 562 tori
505 496 647 582 passim,
661 497 791 582 pictire
804 505 940 584 tapetes

195 609 376 677 Caesareos
390 611 538 692 pascunt
552 608 685 686 oculos,
700 629 764 674 nec
779 611 864 676 talia
879 617 986 692 curet,

163 725 165 732 ’
193 712 289 787 nun
303 737 411 804 prope
426 717 560 785 sidereo
577 720 711 784 cunctis
726 721 968 804 splendoribus
983 740 1042 786 ore

194 827 396 907 Praeradiat,
411 829 576 913 vultuque
590 823 706 896 movet
721 828 907 915 Cleopatra
921 831 1081 915 superbo.

195 941 300 1007 Hauc
315 939 419 1016 videt,
436 937 515 1004 huic
531 939 643 1004 oculis
657 944 692 1004 et
705 946 846 1025 pectore
860 945 953 1006 totus
967 941 1133 1020 inhaeret3

195 1049 343 1134 Quoque
358 1050 468 1131 magis
484 1049 602 1130 cernit,
617 1050 727 1136 magis
743 1051 856 1132 urdet;
880 1056 1007 1118 caetera
1019 1052 1099 1116 visu

195 1159 384 1246 Splendida
399 1179 477 1243 quae
493 1159 616 1243 primo,
632 1136 772 1227 sordeat
785 1161 924 1246 objecta
938 1161 1112 1226 secundo:

195 1271 393 1338 Foeminens
407 1271 513 1336 decor
527 1276 680 1352 augeae,
695 1270 887 1354 crescitque
901 1271 1044 1335 revisus.
1087 1319 1089 1329 Α

193 1381 389 1474 Purpureas
405 1385 521 1464 stupet
534 1379 593 1444 ille
606 1399 738 1458 comas,·
757 1387 793 1445 et
806 1380 954 1445 candida
969 1381 1073 1456 colla,

195 1491 304 1574 Queis
319 1493 461 1575 gemmis
475 1491 538 1558 lux
551 1492 662 1576 major
675 1492 775 1558 inest.
791 1489 1002 1555 abscondere
1017 1489 1165 1555 sormam
1240 1565 1244 1574 ¹

82 1643 93 1661 x
194 1600 336 1668 Divitiae
351 1602 523 1680 eximiam,
539 1621 609 1666 non
623 1619 790 1667 exornare
803 1599 981 1680 videntur;

195 1712 362 1794 Quamvis
376 1732 446 1777 non
460 1711 583 1776 desunt
598 1709 774 1804 Erythraeo
789 1730 808 1775 e
822 1709 935 1776 littore
951 1729 1105 1793 gemmae,

193 1823 229 1890 N
230 1843 276 1890 on
290 1823 404 1908 spolia
419 1821 485 1896 Eoi
500 1821 644 1904 Gangis,
658 1841 729 1905 nou
743 1819 908 1906 quicquid
922 1820 958 1884 in
971 1821 1074 1886 undis
1099 1877 1101 1880 .

44 1955 53 1972 ⁸
192 1935 352 2002 Volvitur
365 1933 531 2018 Assyriis,
547 1937 607 1998 aut
620 1933 718 1998 dives
732 1931 835 1996 mittit
849 1929 1056 2014 Hydaspem

97 2041 100 2048 ’
192 2046 275 2112 Non
289 2045 443 2109 Arabum
457 2064 502 2108 ex
517 2045 623 2128 petn's
637 2043 739 2110 viridi
753 2040 935 2126 splendore
951 2041 1177 2124 SmaragduS,

194 2155 271 2222 Nec
286 2156 377 2238 lapis
392 2159 543 2232 acratius,
559 2173 662 2238 quem
676 2153 736 2218 dat
751 2153 943 2226 Mareotica
956 2153 1069 2218 tellus.

192 2265 342 2330 Sidereis
358 2263 512 2328 Adamas
526 2263 633 2328 radiis
647 2264 823 2348 hebetatur
838 2263 952 2340 ocelli,
990 2315 993 2322 .

193 2373 341 2460 Quoque
356 2375 468 2438 minus
482 2374 586 2452 lucet,
602 2374 720 2440 formae
735 2375 845 2458 magis
861 2378 963 2458 auget
975 2373 1156 2438 honorem.

191 2484 398 2569 Sapphirum
412 2483 556 2568 pulchro
571 2483 775 2569 pendentem
790 2490 930 2570 pectore
945 2484 1087 2550 vincunt

191 2591 329 2659 Gaenrla
342 2613 504 2661 venarum
518 2594 682 2676 violaria3
704 2595 802 2660 labra
817 2593 975 2662 Rubinus
1004 2685 1006 2690 Ι

190 2703 274 2770 Non
287 2724 388 2772 rosea
402 2709 565 2790 aequaret,
580 2705 647 2770 nisi
661 2707 771 2790 primo
788 2707 882 2773 vieta
895 2706 1028 2784 nasset,

190 2813 236 2880 Et
246 2816 356 2900 pudor
371 2821 510 2898 augeret
524 2836 626 2902 quem
641 2817 701 2882 dat
716 2816 850 2882 Natura
863 2816 1032 2882 ruborem.
1106 2875 1109 2882 .

233 2925 409 2991 Ausonius
425 2926 557 2992 Ductor
566 2926 770 3011 jamdudum
779 2925 932 3004 saucius,
948 2926 1061 3010 ignem

190 3034 352 3120 Concipit
365 3036 444 3101 inde
458 3055 597 3114 novun,
612 3037 786 3122 nimioque
802 3037 999 3104 accenditur
1014 3042 1129 3118 aestu;
1217 3093 1222 3100 .

191 3147 268 3214 Nec
283 3148 457 3232 placidam
472 3148 585 3214 celare
599 3149 723 3226 studet,
739 3146 801 3214 sed
815 3165 958 3232 pascere
972 3145 1151 3214 hminum
1166 3170 1177 3228 3

190 3257 358 3339 Quaenam
378 3253 522 3342 (inquit)
541 3255 667 3320 nostris
681 3255 818 3324 obstare
833 3257 989 3342 potentia
1000 3259 1107 3336 votis,

189 3367 262 3433 Aut
276 3387 353 3452 quac
368 3361 462 3431 sama
474 3367 613 3452 potest?
636 3367 719 3452 quid
733 3369 785 3434 sic
799 3368 984 3434 durissima
998 3367 1109 3432 virtus
1165 3423 1180 3436 ,,

189 3476 397 3562 Oppugnata
411 3479 551 3572 ogereti
571 3477 680 3542 facies
695 3478 890 3544 absolveret
903 3479 972 3544 ista

187 3587 312 3652 Judice
326 3592 497 3670 raptorem
512 3587 616 3664 coelo,
626 3607 712 3652 -uam
726 3588 810 3654 talia
823 3589 997 3674 qnondam

188 3696 313 3780 Stupro
327 3697 413 3761 Deis
428 3699 570 3764 summis
585 3699 744 3776 celebres,
753 3699 900 3764 tribuere
915 3706 1040 3784 poetae,

188 3809 327 3874 AEthere
342 3809 401 3892 qui
415 3811 517 3874 toties
532 3829 678 3894 posuere
692 3809 860 3876 Tonantis
878 3811 1020 3886 amicae,

189 3917 234 3982 Et
247 3917 356 3983 forma
370 3919 515 3984 eximias
530 3921 640 3986 fecere
657 3920 831 3986 Heroides
846 3925 949 3986 ostra

187 4028 413 4112 Temporibus
428 4030 458 4094 si
473 4030 550 4096 visa
563 4031 632 4096 illis
648 4029 833 4116 Cleopatra
846 4031 992 4108 lusisset.

188 4139 271 4205 Non
286 4161 387 4207 coma
401 4142 548 4208 Niliacae
564 4141 748 4209 Berenices
762 4161 869 4208 aurea
882 4141 974 4208 coelo

189 4249 368 4332 Fulsisset,
382 4252 534 4338 pulchrae
549 4273 613 4319 nec
629 4253 789 4338 Pleiades
798 4259 901 4325 *asoa
912 4253 1077 4342 fuissem
