2708 4866
192 387 259 458 m
348 441 352 454 .
450 383 748 457 rurscam
779 351 1040 468 A'rrerrnr

194 557 249 628 Ac
263 563 358 630 velut
370 563 500 630 exalto
520 563 627 647 qdurn
640 577 785 643 magnus
798 559 964 626 inhorruit
983 559 1122 639 Auster,

196 673 241 740 Et
255 659 508 759 pulsas'cvertit
527 676 648 756 aquas,
662 691 733 738 nou
745 689 841 736 arma
854 671 1028 750 ministris,

197 784 279 850 Non
292 785 441 868 regimen
455 785 611 870 prodest:
634 784 718 866 lig'at
732 781 817 846 alter
829 783 982 866 pondera
996 783 1110 868 pinus,

196 893 291 961 Alter
304 903 377 968 tuta
391 897 468 962 siuir
481 895 731 979 tranquillaque
746 890 862 959 littore
873 894 1015 978 quaerit:

143 1037 145 1045 ·
196 1007 266 1092 Hic
280 1007 339 1072 dat
354 1007 432 1072 vela
446 1008 549 1089 fugae,
568 1005 796 1088 sororesque
811 1005 927 1070 omnia
941 1005 1059 1070 credit.

196 1117 288 1196 Quid
304 1124 373 1182 tam
389 1137 497 1202 parva
511 1118 660 1202 querorl
682 1116 816 1198 gemino
831 1133 910 1180 cum
923 1105 1073 1181 Consule
1088 1111 1253 1198 Magnus,

197 1229 261 1294 Illo
282 1219 406 1294 tremor
421 1231 536 1305 Ponti,
557 1229 794 1311 seevi'quoque
814 1233 920 1294 terror
936 1225 1133 1311 Hydaspis,

81 1341 84 1350 ⁴
197 1339 241 1404 Et
256 1341 441 1424 piratarum
457 1341 622 1426 scopulus
634 1355 651 1404 ι·
665 1339 769 1404 modo
784 1359 886 1422 quem
899 1346 951 1403 ter
964 1344 1124 1405 orantem

195 1451 329 1534 Jupiter
343 1453 533 1533 horruerat3
558 1471 659 1535 quom
674 1449 784 1517 fracto
798 1452 835 1514 in
855 1451 983 1534 gurgite
999 1447 1148 1526 Pontus,

83 1583 86 1592 ·
198 1561 241 1626 Et
254 1569 432 1628 veneratus
449 1569 521 1630 erat
535 1565 708 1628 submissa
722 1559 901 1648 Bosporus
915 1561 1017 1644 unda,

196 1673 287 1740 Proh
303 1675 428 1758 pudor!
452 1675 592 1759 Imperii
613 1675 747 1740 deserto
772 1675 908 1738 nominc
927 1673 1026 1757 fugit,

197 1787 245 1850 Ut
266 1785 415 1850 Fortuna
429 1786 516 1850 levis
532 1785 651 1868 Magni
666 1804 803 1869 quoquc
817 1789 912 1868 terga
925 1783 1065 1850 rideret

197 1896 287 1978 Ergo
307 1901 401 1960 tanta
414 1887 493 1959 lues'
511 1895 638 1988 Divum
653 1912 791 1979 quoque
805 1896 945 1961 numina
963 1895 1069 1962 vidit:

198 1997 446 2090 consensitque
463 2002 554 2088 lugeo
569 2005 651 2070 coeli
665 2006 777 2070 timor.
799 2025 882 2072 ecce
895 2027 957 2092 per
971 2007 1092 2074 orbem

197 2115 296 2181 Mitis
311 2117 410 2180 turba
426 2115 672 2192 Deum,'terrcs
686 2133 797 2186 exosa
809 2115 959 2184 suentes
1077 2125 1082 2130 '

197 2227 353 2306 Deserit;
376 2233 478 2310 atque
493 2219 667 2291 bominum
683 2227 884 2292 damnatnm'
893 2227 1055 2294 avertitur
1068 2245 1210 2313 agmen,

65 2393 71 2408 ,
107 2379 110 2388 1
196 2335 275 2402 Pax
288 2338 399 2421 prima
412 2342 489 2401 ante
506 2338 604 2415 alias,
619 2337 739 2402 niveos
754 2337 892 2421 pulsata
905 2339 1053 2410 lacertos

195 2445 389 2512 Abscondit
403 2442 502 2530 galea
515 2449 644 2514 victum
659 2453 775 2532 caput,
791 2433 893 2532 etque
906 2449 1026 2514 relicto

198 2554 289 2622 Orbe
305 2557 411 2642 fugax
428 2557 520 2622 Ditis
534 2557 620 2642 petit
635 2557 853 2642 implacabile
873 2575 1024 2640 regnan.

198 2669 292 2734 Huic
308 2687 425 2734 comes
436 2669 468 2733 it
483 2670 616 2733 sincera
632 2665 748 2743 Fides,
764 2671 799 2731 et
813 2668 905 2734 crine
918 2669 1033 2736 soluto

196 2779 349 2857 Justltia,
373 2791 414 2844 ac
430 2797 578 2844 moerens
591 2778 707 2842 lacera
721 2775 917 2846 Concordia
935 2779 1040 2865 palla.

198 2888 246 2954 At
264 2896 393 2966 contro,
414 2889 514 2955 sedes
531 2889 719 2974 Erebique
737 2895 838 2974 rupta
852 2889 1009 2970 dehiscit,

80 3005 82 3012 “
200 3001 350 3085 Emergit
366 3001 435 3066 late
457 3001 549 3066 Ditis
565 3001 700 3077 chorus,
720 2999 1029 3087 tornea-ffinnys,

179 3111 243 3178 ,Et
261 3113 406 3178 bellona
426 3105 554 3189 urinax,
571 3111 774 3195 facibusque
789 3119 920 3178 armata
935 3111 1109 3198 Megrcrcr

118 3237 120 3242 ·
200 3224 399 3307 letumque,
416 3223 637 3305 Insidiaeque,
659 3229 695 3286 et
711 3223 822 3288 lurida
837 3221 961 3290 Mortis
980 3225 1108 3308 imago.

177 3331 186 3352 '
200 3333 297 3412 Quas
313 3323 527 3410 interilum,
544 3333 697 3417 abruptis
717 3351 782 3398 ceu
801 3334 887 3399 liber
905 3334 1049 3402 habenis

200 3443 428 3527 Sanguineum
443 3445 512 3509 late
526 3443 615 3508 tollit
630 3453 744 3529 caput,
760 3465 888 3532 oraque
908 3447 1002 3512 mille

201 3553 409 3619 Vulneribus
425 3553 589 3619 confossa
602 3563 743 3622 cruenta
757 3557 895 3622 casside
909 3557 1012 3623 velat.

204 3663 324 3731 Haeret
341 3666 481 3730 detritus
491 3666 595 3731 'laevee
612 3666 803 3734 Mavortius
817 3669 933 3746 umbo,
977 3685 981 3694 ·

202 3777 510 3842 Innumerabilibus
525 3767 602 3844 telis
618 3780 751 3862 gravis:
774 3785 877 3864 atque
897 3779 1053 3864 flagranti
1118 3797 1125 3810 “
1159 3773 1164 3782 ’

79 3901 83 3907 ’
182 3980 186 3986 .
203 3889 325 3972 Stipite
340 3889 460 3954 dextm
474 3891 591 3954 minax
612 3891 710 3954 terris
725 3889 883 3954 incendia
897 3895 1021 3975 portat.

204 3999 313 4082 Sentit
327 4005 415 4064 terra
431 3999 537 4075 Deos,
551 4005 748 4086 mutataque
763 4001 877 4066 sidera
891 3999 1027 4086 pondus

149 4187 152 4194 ¹
204 4107 405 4188 Quesivere
421 4129 530 4176 suurn.
552 4129 699 4196 namque
719 4114 830 4177 omnis
853 4111 965 4196 Regia
976 4112 1060 4178 coeli

197 4211 248 4300 ‚In
261 4227 376 4306 partes
392 4221 531 4286 diducta
546 4225 630 4286 ruit:
653 4225 866 4308 primumque
886 4223 999 4290 Dione
1097 4247 1099 4252 ·

182 4311 446 4396 'cesensueto
461 4331 515 4396 sui
534 4333 639 4398 ducit.
662 4353 779 4401 comcs
798 4333 934 4400 additur
946 4328 997 4400 illi
