2708 4866
351 391 554 470 LUOAN
564 389 606 476 1:
643 395 754 466 LIB.
795 399 861 468 Ν.

64 569 150 640 llmn
163 565 295 653 lugiunt
308 587 434 655 campo
448 575 595 656 portant.
610 588 744 638 cessere
758 574 910 659 manipli,

62 681 235 768 T⁰¹S⁸l¹¹⁰
250 681 432 770 vertissent
443 681 491 770 (si
505 683 560 750 ias
574 689 627 750 est
641 684 794 772 eredere)
807 687 939 765 cuncti,
1050 705 1052 710 ·

62 792 256 862 Nitandem
269 795 387 861 valido
401 801 596 876 contortum
605 796 729 862 hostile
741 797 882 876 lacerto,
975 813 979 820 ·

29 957 32 966 .
62 903 152 975 Dum
165 925 241 972 sese
256 912 390 973 auecta
403 907 502 987 tollit,
517 909 582 976 sub
595 915 734 994 pectore
749 909 822 974 diro

63 1015 241 1084 Hssisset.
256 1017 357 1084 fluxit
370 1020 485 1085 sanies
499 1019 542 1085 de
556 1021 695 1086 vulnere
708 1022 815 1102 nigra.

62 1127 276 1195 Horrendum
289 1130 444 1215 immugit
457 1135 529 1195 tum
542 1131 689 1215 primum
701 1133 842 1198 vulnera
855 1153 980 1218 passus

1090 399 1158 468 eto
1219 449 1224 458 ,

61 1238 253 1324 longevus
268 1241 428 1326 Serpens,
443 1241 623 1326 caudaque
637 1242 787 1326 flagellat
800 1257 921 1311 arenas
1061 1263 1063 1268 ’
1148 1242 1154 1266 ¹

60 1351 191 1437 Iratns3
214 1355 330 1420 cuncti
345 1355 530 1420 clamorum
544 1353 717 1421 adsidere
730 1354 863 1432 tollunt,
904 1369 928 1392 ⁴·
1056 1355 1059 1362 '

61 1462 198 1547 Speque
212 1463 345 1540 alacres
359 1463 466 1530 ualidi
480 1464 616 1531 mittam
629 1485 691 1550 per
705 1432 806 1530 inane
820 1465 957 1534 lacertis

61 1571 219 1657 Undique
233 1572 318 1658 pila.
335 1573 414 1639 ierit
427 1593 508 1657 pars
521 1593 647 1659 magna
659 1575 802 1640 innoxia
815 1579 944 1660 tergum

58 1681 320 1766 Squammosum
334 1685 486 1762 monstri,
502 1686 735 1770 crepitantqne
750 1688 908 1753 sonantia
921 1689 1001 1767 tela,

61 1791 111 1859 Ut
124 1799 224 1860 sonat
236 1795 378 1862 aestivus
397 1796 551 1872 salientis
564 1797 737 1879 grandinis
750 1797 859 1866 imber

58 1903 225 1989 Tegmina
237 1911 405 1973 tectorum
418 1906 553 1974 feriens.
567 1907 706 1974 hastilia
718 1909 878 1993 quasdam

60 2015 248 2084 Fortunata
260 2018 370 2102 magis
384 2019 562 2094 maculoso
575 2019 717 2084 vulnera
729 2022 838 2088 venti

59 2123 232 2211 Infligunt;
247 2129 342 2196 solus
356 2131 491 2209 levibus
505 2131 725 2224 penetrabilis
739 2132 790 2198 illi

58 2238 189 2305 Venter
202 2245 275 2306 erat
288 2241 378 2308 telis.
392 2243 489 2326 nigro
504 2243 740 2322 humectantur
754 2260 866 2310 areum

58 2349 233 2433 Sanguine
247 2349 434 2437 Serpentis,
448 2352 687 2437 iocoundaeque
703 2357 780 2419 ante
794 2355 934 2422 venenis

56 2460 245 2544 Gorgones
256 2461 299 2528 de
313 2463 406 2542 tabe,
421 2483 513 2542 novo
528 2483 618 2530 nuno
634 2465 762 2529 semine
776 2465 891 2530 tristes

58 2571 271 2657 Concipiunt
284 2573 405 2644 iterum
418 2579 546 2659 pestes,
561 2581 598 2640 et
610 2579 761 2640 monstra
773 2573 932 2642 nefanda.

57 2681 139 2748 Neo
153 2684 266 2749 minus
279 2685 386 2750 iratus
401 2682 560 2770 Serpens,
573 2683 726 2768 antique
741 2683 870 2749 doloris

57 2793 250 2878 Impatiens
265 2795 366 2862 saevit
380 2796 524 2880 campis,
540 2801 575 2861 et
589 2813 735 2878 corpora
747 2793 817 2859 leto

57 2905 264 2974 Prosternit.
280 2907 416 2976 levibus
430 2907 681 2992 necquicquam
693 2904 818 2990 proelia
831 2905 912 2990 pilis

54 3017 134 3084 Aut
141 3018 271 3104 jaculis
284 3023 416 3094 tautum
430 3021 597 3084 tentasset
610 3016 709 3080 miles
723 3014 760 3079 in
772 3013 920 3096 hostem3

55 3128 203 3198 Robore
217 3106 254 3194 ni
268 3127 406 3194 tandem
420 3126 573 3206 demissa
585 3125 769 3194 Phalarioa
781 3143 905 3208 magno

56 3237 227 3306 Immensi
242 3239 376 3324 spinam
389 3239 548 3322 fregisset
560 3237 710 3325 pondere
725 3237 830 3303 dorsi.

52 3349 151 3415 'Ilrrn
164 3347 293 3418 tractim
308 3351 410 3428 vires,
424 3354 460 3414 et
473 3353 567 3420 tanto
581 3347 763 3431 languidus
777 3347 849 3413 ictu

54 3460 249 3528 Decubuit.
265 3461 367 3528 solito
382 3479 452 3534 uon
467 3479 544 3526 sese
559 3458 713 3525 attollere
726 3457 807 3523 uisu

51 3571 81 3638 J
81 3591 142 3637 am
155 3571 279 3656 potuit,
294 3571 414 3656 patulo
428 3575 559 3646 tautum
572 3569 743 3636 minitatus
756 3565 863 3646 niatu

53 3680 107 3747 Et
121 3681 268 3751 nebulas
281 3681 378 3746 laesis
392 3681 527 3766 expirat
539 3679 697 3746 faucibus
712 3686 804 3746 atras

53 3794 121 3860 Sic
137 3811 276 3878 quoque
290 3775 590 3883 lethalis,tandem
603 3791 745 3868 stridore
760 3809 822 3876 per
835 3793 938 3862 auras

52 3904 248 3970 Tormenta
261 3901 385 3986 volitat
398 3903 510 3976 habs
523 3905 614 3982 acta,
629 3904 801 3990 caputque
814 3897 996 3977 nefandum

54 4013 229 4092 Discutit,
245 4019 281 4080 et
294 4014 434 4081 cerebro
448 4015 563 4098 nigras
579 3992 743 4098 dispergit
751 3993 890 4092 'arenas

53 4125 270 4194 Horrendus
283 4125 422 4200 tandem
436 4124 584 4213 Serpens
597 4129 649 4193 tot
657 4125 780 4210 jugera
792 4141 917 4204 magno

52 4237 195 4304 Ventrs
208 4255 378 4323 premens,
393 4237 472 4324 ipsa
484 4235 685 4306 metuendus
698 4238 806 4303 morte
816 4224 980 4318 jacebat?

103 4348 304 4434 Postquam
318 4347 442 4422 oeulos
456 4348 554 4422 siluae
567 4344 733 4422 mulo
745 4347 841 4422 muto
853 4345 998 4420 vetusto
