2790 4860
119 323 212 404 jussit
229 327 260 387 in
272 344 406 405 regnum,
418 323 514 386 statim
528 325 568 388 ab
578 327 689 390 eisdem
703 327 926 408 percussoribus
940 329 1075 412 Pompeii
1087 331 1226 392 obsessus

124 431 154 491 in
167 432 260 511 regia,
283 432 419 512 quamvis
433 433 539 512 exigua
550 452 648 506 manu,
663 435 789 513 ingentis
803 435 951 496 exercitus
961 438 1067 497 molem
1079 437 1154 498 mira
1167 439 1226 498 vir·

123 543 189 596 tute
203 537 354 598 sustinuit.
398 540 445 597 Ac
468 537 593 618 primum
608 539 802 600 aedificiorum
817 541 1016 620 proximorum
1034 551 1124 620 atque
1137 563 1225 602 nava·

123 640 195 704 lium
210 641 364 721 incendio,
387 631 560 704 infestorum
575 644 703 705 hostiurn
718 645 779 706 tela
799 647 964 708 submovit:
988 666 1056 706 mox
1077 646 1106 705 in
1120 647 1225 726 penin-

122 745 218 806 sulam
238 747 358 808 Pharon
372 749 487 810 subitus
501 749 611 810 evasit:
633 748 702 809 inde
716 749 856 831 depulsus
878 741 907 809 ih
922 749 1023 822 maria,
1044 751 1118 810 mira
1131 749 1225 810 felici·

122 859 185 912 tatc
198 853 238 914 ad
260 855 426 934 proximam
445 843 575 917 classem‘
592 857 734 935 enatavit·
755 858 860 919 relictn
882 859 1014 946 quidem,
1036 857 1066 918 in
1085 855 1225 917 fluctibus

122 957 345 1038 paludamento,
367 963 507 1034 sensato,
528 982 580 1022 seu
595 963 728 1034 consilio,
737 971 771 1022 ut
784 962 855 1023 illud
875 964 1078 1043 ingruentibus
1094 963 1225 1025 hostium

121 1065 188 1128 telis
202 1068 340 1148 saxisque
353 1076 516 1148 peteretur.
557 1068 693 1129 Tandem
708 1078 846 1147 receptus
869 1087 888 1128 a
901 1068 1033 1128 classicis
1048 1068 1118 1140 suis,
1140 1069 1225 1128 undi-

123 1193 180 1254 que
191 1173 281 1234 simul
293 1175 393 1235 hostes
406 1173 539 1252 adortus,
555 1174 594 1235 dc
609 1173 720 1234 imbelli
731 1192 766 1233 ac
780 1173 895 1253 perlida
909 1183 1005 1252 gente,
1024 1174 1109 1252 justa
1123 1175 1224 1256 generi

122 1279 261 1340 manibus
284 1279 378 1341 dedit.
419 1279 543 1360 Quippe
567 1287 598 1340 et
625 1278 802 1353 Theodotus
825 1279 974 1356 magister,
1003 1289 1108 1340 auctor
1134 1269 1224 1342 totius

123 1378 205 1456 belli,
223 1393 255 1445 et
269 1405 306 1446 ne
320 1385 415 1446 virilia
429 1385 551 1464 quidem
573 1393 722 1465 portenta,
743 1384 888 1445 Pothinus
912 1393 1003 1466 atque
1021 1387 1224 1466 Ganymedes,

122 1487 232 1550 diversi
247 1510 303 1569 per
325 1502 450 1552 marcet
474 1489 639 1570 transfugio
660 1497 691 1549 et
711 1497 805 1548 morte
821 1489 979 1551 consumti.
1019 1489 1111 1570 Regis
1130 1489 1223 1570 ipsius

121 1611 233 1672 corpus
257 1594 397 1656 obrutum
415 1595 486 1655 limo
499 1602 647 1674 repertum
671 1594 762 1654 estin
784 1613 881 1654 aurete
901 1593 1002 1655 loricoe
1023 1595 1144 1655 honore.
1186 1595 1223 1654 ln

122 1698 194 1760 Asia
209 1720 330 1780 qunque
345 1722 439 1762 novus
452 1721 548 1763 rerum
560 1709 655 1763 motus
669 1701 805 1774 aPonto,
825 1701 914 1780 plane
929 1700 1014 1781 quasi
1028 1701 1067 1763 de
1080 1701 1224 1762 industris

121 1813 264 1884 captante
286 1807 404 1868 fortuna
418 1807 498 1869 huno
517 1807 722 1868 Mithridatico
738 1825 833 1884 regno
850 1807 973 1880 exitum,
994 1814 1029 1868 ut
1047 1806 1222 1886 aPompeio

122 1919 217 1991 pater,
228 1932 248 1972 a
264 1913 381 1974 Caesare
392 1913 470 1974 filius
485 1914 659 1975 vinceretur.
701 1913 765 1974 Rex
779 1913 946 1974 Pharnaces
959 1913 1050 1992 magis
1059 1910 1222 1973 discordias

122 2023 230 2077 nostre
245 2016 366 2091 fidncia,
387 2039 476 2098 quam
490 2019 605 2080 virtutis
619 2039 690 2089 suaa,
710 2016 817 2078 infesto
830 2015 1097 2099 inssappadociam
1107 2017 1222 2096 agmine

121 2121 239 2184 suebat.
281 2123 339 2184 Sed
354 2125 435 2186 hune
449 2127 550 2188 Csesar
563 2143 728 2206 aggressus,
749 2143 820 2195 uno,
840 2127 936 2198 et=(ut
947 2124 991 2184 sic
1004 2122 1139 2198 dixerim)
1159 2142 1220 2182 noa

120 2233 186 2290 toto
199 2229 306 2308 prelio
319 2229 448 2304 abtrivit,
468 2251 549 2292 more
563 2228 703 2302 fulminis,
725 2229 808 2308 quod
822 2247 881 2288 uno
894 2227 1058 2306 eodemque
1069 2237 1223 2286 momento

121 2335 212 2408 venit,
222 2336 379 2415 percussit,
389 2336 544 2399 abscessit.
584 2336 651 2408 Nec
663 2352 737 2394 sana
749 2332 788 2393 de
799 2353 830 2392 se
843 2331 1018 2412 pradicatio
1029 2339 1075 2391 est
1085 2331 1222 2407 Caesaris,

120 2447 191 2502 ante
210 2441 454 2502 victum-hostem
469 2460 545 2520 esse,
566 2459 656 2520 quam
670 2442 773 2501 visum.
816 2439 865 2498 Sic
887 2458 953 2499 cum
974 2437 1094 2499 exteris.
1134 2439 1176 2497 At
1189 2439 1220 2497 in

121 2543 227 2605 Africa
246 2565 314 2606 oum
334 2545 449 2605 civibus
463 2545 557 2606 multo
577 2545 709 2605 atrocius
722 2564 810 2624 quarn
824 2543 856 2602 in
870 2543 1029 2604 Pharsalia.
1071 2541 1141 2602 lluc
1154 2543 1221 2602 reli·
1249 2535 1251 2540 ’

121 2645 207 2731 quius
231 2650 360 2729 partium
382 2649 589 2729 naufragarum
609 2650 729 2729 quidam
752 2648 858 2710 furoris
879 2657 968 2709 aestus
990 2647 1161 2726 expulerat:
1181 2668 1220 2707 ue

121 2755 262 2837 reliquias
284 2755 409 2829 diceres,
430 2753 483 2817 sed
505 2755 652 2836 integrum
673 2754 783 2814 bellum
805 2754 917 2832 sparsae
933 2753 1036 2832 magia,
1056 2769 1145 2831 quam
1165 2769 1219 2832 op·

120 2881 233 2942 pressae
243 2862 319 2922 vires
332 2869 426 2924 erant.
455 2864 589 2922 Auxerat
601 2868 813 2921 sacramentum
827 2859 892 2938 ipsa
902 2858 1001 2919 clades
1017 2858 1219 2938 Imperatoris:

120 2986 176 3027 nec
190 2967 389 3047 degenerabat
409 2967 520 3027 ducum
543 2967 705 3029 successio.
748 2966 867 3046 Quippe
890 2965 959 3026 satis
982 2964 1079 3043 ample
1095 2963 1221 3024 sonabat

120 3072 150 3131 in
170 3071 343 3152 Pompeiani
364 3071 489 3132 nominis
511 3072 620 3144 locum,
654 3072 731 3132 Cato
757 3078 788 3131 et
815 3070 923 3150 Scipio.
947 3068 1100 3150 ‘Accessit
1123 3065 1219 3147 copiis

120 3175 308 3237 Mauritanus
331 3197 384 3237 rex
396 3177 485 3248 Juba,
506 3177 646 3238 videlicet
667 3187 702 3238 ut
715 3175 803 3236 latius
828 3176 960 3236 vinceret
983 3175 1095 3236 Caesat.
1135 3173 1220 3233 Nihil

117 3301 190 3358 orgo
203 3281 279 3342 inter
288 3281 467 3342 Pharsaliam
479 3291 510 3342 et
522 3281 678 3362 Thapson,
700 3282 756 3342 nisi
771 3281 852 3360 quod
869 3280 1004 3360 amplior,
1017 3299 1112 3359 eoque
1123 3279 1222 3339 acrior

121 3385 357 3450 caesarianorum
371 3386 500 3468 impetus
514 3386 581 3460 tuit,
597 3385 810 3467 indignantium
827 3393 897 3466 post
908 3383 1081 3463 Pompeium
1090 3383 1218 3444 crevisse

121 3493 243 3565 be'llum,
264 3497 323 3555 &a
