2708 4866
182 379 256 451 ΛΜ
442 377 740 452 vernoun
772 376 1029 452 sumum
1063 381 1077 444 T

182 552 355 636 sunguine
369 550 551 630 Germano,
567 553 813 638 sexagintaque
828 553 1019 647 triumphis,
1161 619 1168 627 ,
1230 560 1237 568 ’

182 663 271 730 Esse
284 683 413 729 nocens
428 665 532 748 coepi.
556 683 752 749 quanquam
767 684 856 750 qnos
870 667 980 749 glorie
993 669 1106 744 ter'ret,

181 774 253 842 Aut
266 777 326 860 qui
340 782 430 854 sunt,
446 777 506 863 qui
520 776 613 848 belle
626 777 770 845 voluntt
792 777 1008 842 mercedibus
1022 781 1161 862 entptm,

100 936 107 948 ,
179 883 335 952 deviles
351 906 487 970 operee;
507 882 654 969 quorum
668 891 721 952 est
733 907 811 953 meu
826 889 940 955 Rome
953 909 1125 954 noverea:

180 995 229 1062 Ut
241 1015 327 1074 reor,
343 996 434 1061 haud
446 995 587 1079 inpune
599 1015 609 1074 ;
630 1015 695 1060 nee
709 997 797 1062 huno
812 999 887 1064 siue
901 999 1038 1066 vindice
1052 999 1214 1070 desuem

178 1107 318 1174 Vineiet
330 1109 486 1191 ignavus.
509 1108 657 1174 victores
672 1108 718 1172 ite
733 1106 891 1188 terentes,

178 1220 231 1286 Ite
244 1221 312 1285 mei
328 1221 483 1297 comites,
498 1223 534 1284 et
549 1237 691 1284 eausam
706 1217 809 1286 dieite
824 1218 925 1286 ferro.

177 1331 337 1418 Namque
352 1349 470 1396 omnes
484 1349 590 1394 unum
606 1329 734 1393 crimen
747 1335 868 1402 voest:
889 1329 1049 1398 omnibus
1063 1347 1137 1396 une

176 1442 356 1527 Impendet
371 1441 498 1506 clades.
520 1439 694 1504 reddenda
708 1445 761 1504 est
775 1437 883 1522 gratio
895 1442 998 1506 vobis
1008 1451 1021 1506 τ’

176 1551 259 1617 Non
273 1553 369 1618 solus
384 1551 464 1616 viui.
488 1570 604 1634 qnare,
620 1551 702 1636 quie
716 1571 823 1634 poenu
835 1551 1002 1636 trophaeis

174 1663 342 1740 Imminet,
358 1667 393 1728 et
406 1661 527 1726 sordes
541 1661 664 1727 meruit
677 1661 822 1726 victoria
836 1667 963 1741 nosue,

173 1775 196 1842 J
198 1775 298 1840 udioe
312 1775 449 1840 fortune
463 1773 567 1841 cadet
579 1771 666 1838 area.
689 1773 812 1838 sumite
825 1773 964 1854 bellum,

175 1885 220 1950 Et
233 1891 359 1952 tentate
374 1903 510 1952 munus.
533 1888 625 1950 certe
640 1903 718 1949 mea
732 1901 840 1948 ceusu
852 1889 992 1968 persora
1006 1891 1073 1964 ert,

173 1995 266 2060 Inter
279 2000 331 2061 tot
344 1995 450 2060 sortes
464 1999 614 2060 metus
627 1995 746 2061 neseio
761 1995 867 2060 vinci.
883 2003 886 2012 ’

173 2103 265 2172 Haeo
279 2107 339 2170 ubi
354 2106 539 2190 personuit,
555 2105 598 2170 de
613 2106 703 2182 coelo
718 2105 910 2188 Delphicus
924 2107 998 2175 eles

173 2215 298 2282 Omine
310 2218 392 2282 leetu
406 2216 510 2292 dedit,
525 2217 725 2302 pepulitque
739 2217 908 2288 neufibus
922 2236 1036 2298 ωιτν.

172 2328 250 2396 Nee
264 2349 334 2394 non
348 2328 504 2392 horrendi
518 2329 665 2398 nemoris
681 2327 723 2392 de
739 2333 835 2412 perte
850 2327 989 2401 sinistre

172 2440 325 2506 Insolitae
341 2431 446 2505 voees
461 2439 597 2511 flemma
612 2458 755 2508 sonuere
770 2438 937 2530 sequenti,

169 2552 253 2636 Ipse
267 2552 356 2617 nitor
370 2551 496 2616 Plurebi
509 2549 649 2632 vulgato
664 2549 775 2616 lretior
789 2549 873 2620 orbe

169 2658 295 2742 Crevit,
311 2669 345 2728 et
359 2668 478 2729 aurato
493 2659 676 2746 precinxit
689 2657 821 2742 fulgure
835 2657 963 2739 vultus,

169 2771 304 2839 Fortior
318 2773 487 2842 ominibus
501 2770 610 2835 movit
624 2759 911 2852 Mavortiusignu

132 2887 134 2892 '
167 2882 304 2962 (leesor-3
327 2887 362 2948 et
375 2883 513 2948 insolito
528 2899 647 2962 gressu
661 2881 754 2966 prior
768 2885 919 2964 occupet
931 2879 1088 2948 haustus.

167 2992 284 3059 Prime
297 2992 436 3078 quidem
448 2993 588 3074 glucies,
604 2999 639 3058 et
651 3012 739 3058 eene
748 2993 871 3077 juncte
884 2992 1008 3074 pruina

164 3101 250 3170 Nou
263 3105 430 3188 pugnavit
442 3101 575 3181 humus,
589 3103 731 3187 mitique
741 3103 883 3174 ,horrore
898 3102 1045 3186 quievit:

165 3214 236 3282 Sed
250 3221 435 3300 postquem
448 3219 566 3283 turmae
581 3215 716 3280 nimbos
730 3214 858 3298 [regere
871 3215 1009 3297 ligatos,

165 3325 210 3392 Et
223 3326 371 3410 pavidus
386 3325 581 3411 quadrupes
595 3325 763 3392 undarum
776 3325 917 3392 vincula
929 3325 1032 3409 rupit,

49 3483 51 3488 ,
164 3434 342 3501 Incaluere
356 3435 465 3512 nives,
479 3455 563 3502 mox
576 3435 716 3502 flumine
729 3436 903 3522 montibus
918 3434 999 3500 altis

164 3545 349 3612 Undubunt
362 3547 582 3616 modoeuote:
605 3547 667 3612 sed
681 3549 758 3616 hoec
772 3567 911 3634 quoque
921 3545 1024 3632 jussa
1035 3552 1196 3632 putares.

162 3657 307 3724 Stabunt
321 3663 356 3722 et
369 3657 484 3722 vincta
497 3657 622 3732 fluctum
638 3664 798 3744 stupuere
812 3660 955 3744 pruine:

163 3767 207 3832 Et
221 3769 339 3852 paullo
355 3774 433 3832 ante
442 3769 523 3838 ,lues
534 3770 608 3856 ιἱωιι
623 3769 837 3840 concidendo
846 3769 999 3854 jeoebat.

160 3875 250 3944 Tum
264 3899 345 3944 vero
360 3879 519 3966 melotide
532 3883 627 3965 prius
641 3880 787 3963 vestigia
800 3881 894 3959 lusit,
968 3901 970 3906 ·

160 3989 376 4075 Decepitque
391 3991 509 4076 pedes.
531 3993 663 4078 possim
676 3995 866 4078 turmmque
878 3991 1023 4078 virique,

160 4098 333 4190 Armaque
349 4108 512 4185 congesto
526 4107 617 4168 strue
632 4103 810 4190 depiorete
819 4103 994 4194 jacebunt,

160 4211 254 4278 Fece
268 4215 370 4283 etium
389 4213 499 4305 rigido
516 4234 697 4288 concussos
717 4214 855 4282 flumine
868 4214 978 4280 nubes

161 4321 453 4404 Exonerobuntur,
472 4326 650 4412 neo-rupti
665 4326 802 4402 trutino
818 4323 912 4411 renti
962 4367 967 4406 1
