2708 4866
170 297 237 366 ooo
472 290 981 382 surrentinorum

175 471 262 538 Cum
278 469 432 558 pupugit,
449 489 569 538 somno
583 489 734 542 exouaao
748 467 824 538 iera
835 467 962 537 nobilia
974 469 1029 536 ira

109 669 114 680 Ι
174 581 374 649 infrendens
384 601 518 664 magna,
532 587 716 667 postquam
726 579 919 666 protriverit
927 580 1061 646 hostem

174 691 355 776 Exiguum,
370 693 520 758 nondum
535 691 722 786 vindictam
735 696 869 770 nactus,
884 691 919 756 in
934 709 1071 758 omnem

173 799 336 866 Prosiluit
351 787 521 886 campum,
537 807 758 888 greasataque
772 802 936 885 sanguine
950 802 1058 871 multo

173 911 299 978 Stravit
313 933 433 996 equos,
449 913 569 978 enavit
582 919 710 990 murres,
726 917 944 996 armentaque
958 917 1031 982 tota

173 1021 299 1106 Exigui
309 1024 430 1089 culicis
444 1023 623 1090 temerario
632 1023 726 1090 facta
738 1023 882 1090 luenmt.

216 1133 358 1200 Munere
373 1135 532 1220 Pompeii
546 1133 742 1200 Pharnaces
752 1135 878 1218 impius
893 1133 974 1198 olim

173 1246 400 1326 Cimmerium,
412 1251 447 1312 et
463 1246 608 1330 pretium
623 1245 773 1324 sceleris,
788 1245 948 1310 hama
960 1243 1109 1326 recepit.

172 1356 285 1424 Natus
300 1361 371 1422 erat
385 1377 509 1440 magno
524 1355 626 1420 Ponti
641 1355 850 1434 Mithridate,
865 1355 1015 1441 potentie

172 1465 242 1548 Qui
256 1467 395 1552 populis
410 1465 505 1532 Asiae
521 1467 704 1550 quondam,
720 1466 901 1552 Graiisqoe
916 1466 1071 1547 subactis

171 1577 310 1642 AEmula
325 1576 491 1641 Romanis
504 1596 566 1660 per
580 1581 687 1642 terrae
700 1597 795 1642 arma
808 1577 958 1660 gerebat.

171 1688 241 1769 Qui
252 1690 363 1756 victus
377 1688 525 1764 tandem,
540 1692 576 1754 et
590 1687 749 1771 Pompeii
760 1669 890 1754 viribus
901 1687 991 1754 omui

169 1799 303 1866 Exutus
317 1817 432 1882 regno,
447 1799 519 1864 nati
532 1781 707 1883 impietate
718 1798 856 1864 nefandi
939 1833 945 1838 -

168 1909 329 1976 Proditus
343 1914 406 1985 est,
423 1908 615 1994 ceciditque
630 1907 739 1974 minor
752 1909 804 1974 sic
820 1908 929 1992 gloria
943 1905 1087 1990 Magno.

212 2019 423 2086 Pharnacem
438 2019 545 2086 nimia
557 2040 648 2086 nrmc
664 2019 848 2084 ambitione
862 2021 1057 2094 tumentem,

168 2131 254 2196 Cum
269 2131 409 2216 paribus
424 2129 552 2196 dudum
566 2129 673 2212 signis
688 2148 887 2194 concurrere
902 2127 1010 2212 signa·

168 2239 410 2324 Romanasque
427 2239 531 2320 acies,
547 2245 582 2304 et
595 2245 699 2306 tautae
714 2239 838 2304 robora
851 2239 961 2322 gentis

168 2351 210 2416 In
225 2371 262 2416 se
279 2350 372 2416 civili
386 2351 495 2416 mevit
508 2369 675 2416 conversa
685 2349 810 2426 surore,

169 2458 354 2541 Quaercndi
368 2480 507 2544 regnum
520 2460 653 2544 pepulit
666 2479 749 2546 spes
762 2477 853 2524 vane
867 2463 1055 2544 paternum.

168 2570 281 2650 Quem
295 2571 403 2636 fallax
418 2571 527 2655 primo
538 2571 630 2654 juvit
645 2569 807 2648 Fortuna,
821 2569 945 2634 suturis

132 2727 137 2742 .
167 2683 364 2768 Deceptura
375 2681 493 2763 malis3
514 2665 688 2766 ¹Urbisquc
704 2680 748 2746 ud
763 2680 1046 2764 moeniamagnae‚

167 2794 281 2875 Quam
296 2791 456 2858 debellati
470 2789 679 2880 Mithridatis
693 2794 863 2858 struxerat
877 2789 959 2854 olim

167 2901 354 2988 Pompeius
368 2907 621 2992 monumentum
635 2902 766 2984 ingene,
782 2901 910 2968 devicit
922 2899 1049 2990 iniquia

118 3075 136 3100 s
165 3013 229 3092 Te,
246 3015 376 3080 Domiti
389 3013 521 3092 infelix,
537 3013 636 3096 satis3
658 3013 703 3078 ad
717 3020 800 3078 nota
813 3013 961 3079 tulerunt

168 3124 301 3190 llloeuia
314 3123 484 3190 barbarici
499 3123 659 3190 Romana
671 3124 810 3208 piacula
824 3123 958 3191 Manes.
1055 3185 1060 3196 .

209 3235 343 3300 Lucida
352 3233 426 3319 jum
440 3234 559 3300 novies
572 3241 747 3320 repararet
760 3255 889 3302 cornua
903 3233 1035 3300 Phoebe

167 3339 306 3428 Exque
323 3343 479 3408 Niliacas
494 3343 630 3409 devenit
644 3343 812 3414 Caesario
833 3365 923 3426 oras,

60 3537 65 3542 Ι
167 3453 377 3538 Reginaeque
392 3459 521 3520 tument
534 3451 644 3520 vitiati
662 3456 816 3540 pondera
829 3456 966 3524 ventria

167 3561 281 3643 Quam
295 3564 409 3629 verbis
423 3563 542 3628 abiens
556 3564 686 3630 solatur
700 3564 818 3634 Caesar
832 3566 952 3632 amieis
967 3585 976 3631 ε

167 3675 198 3740 0
213 3675 420 3740 tortrmarum
434 3675 561 3740 rectrix
574 3673 759 3762 Cleopatra
772 3697 935 3756 mearum,

166 3783 314 3850 (laseris
325 3790 359 3850 et
372 3785 490 3864 satum,
506 3785 565 3870 qui
581 3791 707 3852 caetera
719 3786 792 3852 iate
805 3787 980 3870 gubernat,

166 3895 226 3962 Me
240 3916 330 3961 nunc
345 3896 436 3962 bella
449 3901 585 3962 vocant.
601 3897 749 3962 crudelis
762 3899 955 3988 amantibus
969 3916 1065 3964 erma

163 4005 386 4090 crudelisque
401 4005 467 4071 sibi
482 4005 677 4074 Pharnacea
692 4007 798 4100 impia
810 4009 929 4090 movit,
945 4091 950 4103 ¹

164 4117 348 4204 Exitioque
364 4137 428 4185 suo
442 4123 593 4214 nostrum
607 4119 819 4205 interrumpit
831 4137 991 4186 amorem.

163 4230 219 4295 Tu
233 4229 354 4296 cohibe
368 4228 559 4314 lacrymaa3
580 4229 735 4320 devictos
745 4209 871 4324 aentiet
881 4228 990 4322 boetia
