2708 4866
368 399 605 523 uuum.
645 405 754 476 utu.
798 407 863 476 tv.
1098 415 1165 482 557

65 577 113 646 Et
126 584 297 646 marcente
311 577 392 654 sior,
406 594 509 661 quern
520 595 593 644 nox
606 577 656 644 ihi
669 578 773 662 longa
786 588 947 648 creasset.

66 690 194 758 Infecit
206 690 366 774 gravidos
380 705 561 771 erumpens
575 689 702 754 ustitm
717 709 830 756 auras.
949 690 952 698 '

65 801 225 870 Attonito
239 799 460 875 anomiani,
475 798 679 882 tandemque
692 801 825 882 roganti

67 911 159 978 Rern
172 919 288 978 notem
302 909 442 996 populis
457 913 574 974 astans
584 908 692 994 Libys
706 911 821 978 incola
831 919 957 981 narrat.
996 934 999 942 ’

112 1021 216 1100 Haec,
231 1021 360 1099 caesu,
374 1017 501 1085 multos
510 1017 586 1102 ium
599 1038 669 1086 non
682 1020 835 1089 habitata
847 1041 911 1107 per
924 1043 1040 1096 annos
1165 1023 1166 1028 ’

64 1131 178 1198 Antra
190 1135 356 1198 immensa
369 1130 452 1196 olirn
464 1132 652 1196 monstrum
664 1131 804 1198 exitiale
818 1133 956 1201 tenebat

67 1241 197 1321 Pestis,
208 1249 243 1310 et
255 1243 308 1310 ira
322 1242 445 1322 Deum,
460 1261 601 1326 serpens
616 1243 673 1308 cui
687 1243 818 1310 aescula
830 1245 927 1310 nulla
1074 1286 1079 1295 ,

67 1353 268 1422 Prodnxcre
281 1373 400 1440 parem
413 1354 532 1434 terris;
552 1370 623 1418 non
636 1357 731 1450 nup
743 1337 876 1438 palude'

68 1465 215 1532 Icrnoea
227 1465 349 1532 tamnu
364 1464 530 1548 reparatis
545 1462 713 1545 anguibus
728 1463 869 1548 Hydra3

69 1575 149 1644 Nec
164 1577 224 1661 qni
237 1595 343 1662 poma
356 1577 473 1642 Draco
487 1573 651 1640 custodiit
658 1593 785 1656 ¹aurea3
806 1595 882 1656 nec,
898 1597 1000 1662 quem

68 1687 268 1753 Servantem
282 1685 378 1770 vigili
393 1685 600 1768 Phryxeum
613 1683 740 1750 lurnine
752 1685 864 1752 vellus

67 1795 269 1892 somniferis
281 1796 418 1862 undem
432 1796 564 1862 domuit
578 1795 704 1863 Medea
717 1799 868 1866 venenis.

69 1907 150 1974 Nec
165 1913 202 1974 tn
216 1908 380 1974 Phoebeis
394 1908 530 1992 Python
545 1907 680 1974 confixo
694 1907 828 1990 sagittis

68 2019 203 2087 Tantus
216 2039 305 2098 eras,
317 2019 611 2105 'popuiisspeoies
624 2016 799 2099 incognita
811 2015 940 2102 primis.

71 2131 235 2218 Serpente
250 2132 286 2196 in
300 2136 394 2198 tento
409 2131 579 2216 potuisset
593 2128 764 2210 Gorgonis
779 2144 878 2194 omne

69 2242 219 2308 Absnmi
232 2244 344 2327 virus3
367 2243 508 2326 Libycis
520 2259 586 2308 uec
600 2239 714 2325 majus
727 2239 839 2304 arenis

70 2352 155 2419 Hoc
168 2359 331 2432 monstro,
345 2371 462 2420 semen
476 2351 723 2418 sidefluxisset
736 2351 773 2416 in
785 2371 901 2432 unum,
954 2383 958 2392 ·

70 2462 249 2530 Pestiferos
263 2463 361 2528 tabes
375 2467 571 2546 generasset
581 2467 656 2528 tota
670 2460 842 2530 Medusae.
916 2493 920 2499 ·

69 2575 161 2642 'l'anr
174 2576 313 2658 longum
327 2593 405 2640 sese
417 2573 570 2660 (centum
580 2577 758 2656 porrectus
772 2574 808 2640 in
821 2575 922 2644 ulnus

71 2685 213 2771 Quippe
227 2684 308 2770 tuit)
317 2683 425 2750 volvit
438 2681 588 2766 Serpens
601 2701 662 2767 per
676 2684 826 2753 fluminis
839 2687 961 2773 undas,
1012 2721 1014 2726 ·

70 2796 123 2865 Ut
136 2797 270 2884 quoties
283 2797 374 2881 gyris
389 2795 551 2862 distendit
564 2799 659 2878 terga
671 2796 794 2864 solutis

69 2909 230 2977 Adversa
243 2908 395 2994 predam
403 2907 522 2992 potuit
536 2907 743 2991 deprendere
755 2909 845 2994 ripu.
860 2973 864 2980 .

71 3021 176 3107 Scope
190 3020 263 3086 illic
277 3019 391 3102 ‘tigris
403 3023 602 3103 spumantes
617 3019 726 3086 oblita
738 3021 856 3120 rictus,

70 3131 187 3217 Atque
203 3131 368 3196 cruentati
381 3135 554 3196 taurorum
566 3129 664 3196 code
675 3129 810 3198 [conos

71 3240 458 3319 tumescentibus,
472 3241 614 3306 monstri
629 3241 817 3308 conduntur
830 3241 867 3308 in
879 3241 971 3310 sivo.
1020 3275 1025 3284 ·
1169 3281 1172 3292 ·
1254 3311 1257 3319 ,

114 3351 229 3436 Atque
243 3351 372 3417 utinam
384 3350 584 3416 hisuntmn
598 3351 726 3435 predis
741 3356 902 3420 contenta
914 3352 1060 3420 inisset·
1080 3394 1083 3402 ,
1171 3379 1175 3394 ·

71 3461 269 3546 Ingiuries;
291 3461 421 3546 periere
435 3461 601 3538 homnres,
616 3460 810 3546 qrdomrque
823 3483 886 3550 per
900 3469 1022 3532 aesturn

69 3571 253 3639 Umbrosce
267 3571 353 3640 sessi
366 3571 537 3657 petierunt
548 3567 697 3654 tegmina
708 3571 820 3651 silvae,

69 3685 145 3749 Aut
158 3684 351 3768 quicunque
365 3682 464 3762 istos,
480 3681 625 3748 adverso
638 3671 776 3754 numine
791 3683 900 3764 ducti,

70 3799 251 3868 Advenere
265 3801 329 3865 viri
344 3799 476 3884 gelidos
490 3796 623 3864 haurire
636 3794 800 3879 liquores.

71 3911 166 3979 Noun
181 3910 283 3978 simul
297 3929 339 3977 oc
353 3911 450 3995 nigro
464 3909 612 3994 Serpens
625 3911 732 3992 caput
742 3902 866 3974 extulit
877 3908 976 3976 mito

71 4021 290 4103 Horrendus,
304 4028 478 4108 totamque
492 4021 678 4110 inplerunt
687 4016 791 4085 sibila
803 4015 950 4103 sylvam,

70 4133 250 4202 Attonitos
264 4133 365 4202 timor
376 4134 523 4217 invasit}
544 4153 614 4206 uon
627 4131 700 4202 nlla
712 4129 835 4201 sunus

70 4244 162 4332 Spes
175 4244 347 4328 manibus,
361 4245 621 4332 nonulleiugo.
636 4243 843 4334 deprendere
857 4237 1009 4328 predam
1067 4305 1068 4308 ,
1151 4257 1155 4266 ’

71 4355 248 4427 Distendit
261 4356 376 4428 subito
391 4363 464 4428 toto
477 4373 517 4428 se
531 4371 676 4448 corporo
690 4356 857 4444 Serpens:
949 4365 953 4374 ’
1172 4365 1176 4372 ’
