2746 4864
292 411 517 480 CIVILIS
561 411 733 482 BELLI
779 411 888 480 LIB.
927 413 999 478 IX.
1137 413 1201 479 421

86 590 310 676 Aggreditur,
329 593 512 676 nullusque
526 597 642 675 potest
656 593 843 658 consistere
857 592 967 668 miles,

87 701 272 767 Instabilis
285 703 395 785 raptis
409 703 523 778 etiam,
539 719 626 784 ques
642 703 765 780 calcat,
782 703 905 767 arenis.
1011 741 1016 751 ·
1131 699 1199 766 465

89 811 302 878 Concuteret
315 819 434 889 terras,
452 813 635 896 orbemque
650 831 672 876 a
683 813 764 877 sede
783 817 946 889 moveret,

90 922 134 988 Si
151 925 264 988 solida
277 923 385 1007 Libye
402 941 580 1006 compage,
596 927 630 986 et
643 923 794 1006 pondere
809 923 893 986 duro

91 1033 279 1098 Clauderet
293 1033 408 1098 exesis
423 1029 585 1097 Austrum
600 1033 788 1116 scopulosa
802 1032 976 1097 cavernis:

93 1144 168 1209 Sed
183 1145 265 1229 quia
280 1143 465 1209 mobilibus
480 1143 594 1206 facilis
609 1143 762 1206 turbatur
782 1144 904 1219 arenis,

94 1255 280 1339 Nusquam
295 1253 457 1318 luctando
473 1253 607 1318 stabilis
622 1257 754 1316 manet:
778 1253 914 1334 imaque
929 1250 1029 1315 tellus

92 1351 185 1444 Stat,
200 1367 283 1450 quia
296 1383 430 1430 summa
443 1364 540 1446 sugit.
555 1363 684 1446 galeas,
698 1369 732 1427 et
754 1368 853 1428 scuta
866 1363 1026 1438 virorum,

93 1477 243 1561 Pilaque
260 1477 424 1542 contorsit
439 1475 590 1540 violento
606 1475 746 1558 spiritus
762 1480 853 1552 actu,

93 1587 319 1671 Intentusque
333 1587 411 1653 tulit
424 1587 538 1670 magni
553 1605 614 1670 per
628 1586 745 1650 inania
761 1583 853 1650 coeli.

36 1785 43 1792 η
93 1699 188 1764 Illud
203 1700 238 1763 iu
253 1705 393 1764 externa
407 1699 523 1764 forsan
542 1699 711 1780 longeque
727 1703 858 1762 remota

93 1809 296 1894 Prodigium
310 1811 428 1876 tellure
444 1809 525 1874 snit:
549 1807 761 1894 delapsaque
777 1809 869 1874 coelo
984 1807 989 1834 '
1135 1805 1202 1871 475

93 1920 204 1986 Arme
217 1923 336 1986 timent
350 1926 479 2003 gentse,
494 1920 736 2004 hominumque
758 1925 876 2004 erepta
892 1919 1030 1986 lacertis

94 2031 131 2098 A
145 2031 287 2115 Superis
302 2031 454 2096 demissa
467 2035 599 2114 putant.
623 2031 674 2096 sic
690 2032 751 2096 illa
765 2031 921 2116 prolecto

94 2141 262 2208 Sacrifico
279 2143 434 2208 cecidere
451 2141 588 2218 Numae,
605 2161 683 2226 quse
701 2143 792 2210 lecta
802 2142 972 2226 juventus

95 2253 243 2318 Patritiu
257 2253 392 2318 cervice
406 2259 540 2318 movet:
565 2253 774 2336 spoliaverat
788 2251 915 2317 Auster

93 2363 169 2428 Aut
183 2363 314 2428 Boreas
329 2365 479 2449 populos
494 2363 622 2428 ancilia
633 2370 751 2428 nostra
764 2364 921 2427 ferentes.
1138 2358 1204 2426 480

95 2475 157 2539 Sic
174 2476 290 2540 orbem
304 2481 482 2560 torquente
498 2474 593 2540 Noto
610 2473 769 2540 Romana
780 2475 943 2557 juventus

96 2585 300 2663 Procubuit,
316 2592 539 2670 metuensque
553 2587 641 2670 rapi,
658 2577 861 2650 constrinxit
875 2583 1033 2660 amictus,

97 2697 315 2782 Inseruitque
330 2719 451 2762 manus
462 2703 582 2762 terrae:
605 2716 668 2761 nec
685 2695 835 2780 pondere
850 2694 940 2771 solo,

96 2807 170 2873 Sed
187 2809 272 2875 nixu
282 2789 404 2894 jacuit,
420 2810 481 2874 vix
494 2809 545 2874 sic
561 2807 746 2872 immobilis
764 2804 904 2882 Austro,

99 2956 151 3005 469
161 2956 229 3018 quod·
310 2959 358 3006 471
371 2957 437 3019 quod.
518 2959 568 3005 474
577 2964 681 3003 memo.
773 2957 822 3004 475
831 2954 966 3017 dilapsaque.
1049 2955 1096 3001 477
1109 2953 1206 3002 dimisso.

196 3023 246 3070 487
256 3021 381 3086 bonoque
447 3023 496 3072 482
507 3023 570 3076 mori,
579 3022 719 3083 constringit.
730 3023 790 3080 rupi,
798 3021 939 3082 penmogtt.
1004 3019 1123 3069 4844444.
1183 3083 1185 3088 Ι
1233 3071 1237 3080 .

130 3147 189 3194 465.
210 3145 289 3207 ltere
297 3146 386 3210 erim]
403 3151 502 3195 Avento
509 3146 641 3194 subtractis.
667 3153 742 3194 torum
754 3147 777 3194 in
790 3146 888 3194 sublime
898 3155 981 3196 erecte
991 3147 1207 3210 elonginquisloeis

130 3213 190 3260 466.
208 3209 339 3259 Comeret
354 3213 444 3277 terroe]
461 3213 530 3272 Quod
549 3212 570 3258 si
580 3213 642 3258 Airi-
666 3211 722 3258 terri
733 3219 803 3272 etque
813 3212 868 3259 iude
878 3211 995 3268 decidere,
1013 3227 1141 3276 qumquem
1156 3213 1208 3260 lrsso

96 3275 215 3322 eadmeri
226 3283 289 3322 esset
300 3276 354 3331 soli,
371 3279 434 3338 qnod
451 3275 527 3324 ventis
547 3275 642 3324 resiste-
666 3275 707 3323 elii
717 3293 731 3324 e
742 3275 819 3324 calore
832 3277 894 3324 Solis
905 3276 989 3324 ettrslri
1000 3283 1068 3339 etque
1079 3292 1111 3326 ex
1122 3277 1208 3338 sptitn·

96 3344 154 3398 ret;
171 3345 211 3386 sut
228 3355 362 3398 cavernosa,
381 3357 432 3401 quse
450 3351 531 3389 ventos
549 3341 642 3388 elsude-
667 3342 721 3390 dine
741 3343 843 3388 materie
860 3343 944 3390 mutari
962 3343 1068 3390 credunt.
1090 3341 1164 3390 Arist.
1182 3345 1208 3391 5.

96 3411 150 3450 ret:
168 3411 288 3450 ventorum
306 3405 387 3466 procul
407 3405 479 3454 dubio
492 3406 557 3454 rubis
567 3405 641 3452 diruo-
667 3407 740 3466 Phys.
750 3422 800 3468 esp.
822 3409 845 3453 2.
861 3413 885 3453 et
901 3409 931 3456 de
948 3423 1000 3469 geu.
1019 3406 1109 3454 enimsi.
1128 3407 1170 3455 lib.
1182 3412 1206 3456 4.

96 3467 291 3517 veretureloeo.
308 3469 640 3532 Orbemquessedemooerst]
667 3487 718 3532 esp.
730 3476 755 3520 4.

96 3531 170 3580 men
181 3531 244 3580 orbis
253 3542 352 3594 perlem,
363 3536 469 3595 Libyam.
699 3537 755 3585 477.
774 3535 810 3582 δίο
821 3535 861 3584 illo
877 3534 994 3602 Morta]
1011 3537 1049 3584 Itu
1059 3538 1157 3584 tonum
1168 3552 1208 3584 sn·

131 3599 191 3643 470.
210 3595 328 3646 Modo
345 3601 431 3648 stabilit
446 3599 542 3663 mcum]
560 3599 641 3648 lieris·
666 3601 713 3648 cilo
723 3601 782 3648 illud
793 3603 855 3662 quod
864 3603 949 3649 Nemes
960 3609 1086 3662 temporeo
1095 3601 1155 3649 ereio
1167 3601 1207 3649 de·

97 3661 174 3710 tendo
184 3669 306 3712 ventorum
319 3664 418 3712 fletibus.
667 3666 753 3713 cidisse
762 3667 874 3724 creditur,
885 3666 975 3714 slinnde
991 3667 1037 3714 buo
1056 3674 1126 3714 rento
1144 3665 1207 3713 dele·

131 3729 190 3774 471.
208 3726 278 3790 sne]
307 3729 361 3776 Nou
380 3729 518 3778 concutitur.
548 3727 640 3794 Fugit]
667 3737 771 3778 tument.
1093 3744 1099 3758 '

97 3791 172 3838 Cedit
182 3793 276 3839 Austro.
700 3798 755 3844 478.
773 3794 985 3856 Somficocrcidere
1004 3793 1107 3856 Num]
1125 3796 1206 3844 Sucro·

105 3909 108 3914 ¹
131 3859 189 3904 472.
241 3857 640 3922 'strumentusAeruJImpulm.
667 3869 752 3908 rumet
760 3861 879 3920 religionis
889 3862 1024 3909 institutori.
1042 3859 1112 3908 Lecto
1120 3861 1206 3922 juveu-

132 3923 190 3969 473.
222 3929 352 3985 oleumque
372 3925 425 3972 trsttt
446 3925 544 3988 magnit]
562 3923 642 3971 (louti-
667 3924 775 3989 tustra]
793 3925 857 3981 Selii,
876 3927 1007 3974 secerdotes
1020 3923 1112 3982 Martis,
1129 3939 1142 3971 e
1161 3925 1207 3973 Ps-

95 4001 169 4044 nnns,
179 4001 223 4034 non
235 3987 397 4037 intermittens.
416 3989 462 4036 Per
478 3991 558 4036 isonia
571 3989 640 4052 cett]
667 3989 810 4046 tritiisleoti.
821 3991 863 4038 lib.
877 3995 899 4037 1.
912 4008 948 4039 vs.
960 3993 1016 4040 60³.

96 4051 149 4098 Per
160 4065 221 4098 sere.
700 4059 757 4105 481.
775 4055 855 4103 Orbem
874 4065 995 4119 torquente,
1015 4053 1071 4117 &c.]
1106 4054 1203 4112 ¹Arerres,

131 4120 189 4165 474.
208 4115 320 4167 illudio
338 4127 438 4173 mnus,
460 4117 518 4182 dre]
542 4117 642 4166 Videtur
666 4127 751 4168 terrem
762 4121 1039 4183 libycumutsuprsvs.
1051 4122 1108 4169 466.

94 4190 169 4243 poete
178 4197 223 4229 non
239 4189 286 4230 tarn
298 4183 327 4229 sd
338 4183 458 4240 miracula,
473 4191 497 4230 et
509 4183 642 4245 premonita
700 4188 757 4233 488.
774 4183 822 4234 Nec
831 4187 928 4247 pondes
945 4185 1010 4247 soto]
1028 4185 1076 4231 Vix
1093 4197 1167 4244 prono
1182 4185 1206 4231 in

96 4247 205 4294 Deorum
217 4249 305 4294 reterre
319 4249 361 4295 bes
377 4248 468 4309 pluries
485 4246 642 4310 prodigiosas,
667 4256 751 4297 tsrnrn
771 4251 828 4298 nixu
848 4250 961 4298 seburreti
981 4251 1105 4297 tuebantur
1120 4263 1146 4294 se
1158 4249 1205 4295 llo·

92 4326 167 4373 quem
176 4313 206 4360 ed
214 4311 329 4360 rationem
338 4312 470 4373 Physicsrn.
481 4319 549 4374 etque
558 4313 582 4362 in
591 4313 642 4360 illo·
667 4316 735 4370 msni,
748 4331 794 4376 qno
805 4317 880 4362 minus
892 4318 921 4362 ab
930 4315 1015 4362 Austro
1026 4314 1192 4374 abriperentur.

93 4391 148 4427 mm
168 4375 283 4434 inclinare
302 4377 447 4432 sententiam,
463 4377 503 4438 qni
520 4377 642 4438 opinentur
699 4383 756 4428 484.
774 4379 856 4444 Nisa]
896 4381 993 4434 Constu,
1015 4394 1042 4426 ne
1063 4385 1204 4440 reperentur.

8 4465 11 4472 v
93 4439 211 4504 illeque
219 4443 253 4490 ita
261 4458 304 4504 per
312 4441 415 4504 plurium
424 4441 543 4502 decidunt,
556 4442 578 4490 vi
587 4459 642 4492 ren·
666 4443 748 4506 sulpit.
