2708 4866
191 385 258 460 tto
495 381 993 458 SUPPLEMENTUM

187 565 328 653 (Tristis
344 564 421 630 visa
434 563 534 650 licet)
546 565 664 648 posuit
677 563 877 630 fundamina
890 561 1005 628 iamae.

84 695 87 702 ·
190 675 349 744 Moribus
366 675 530 742 Ausoniis
545 677 665 761 primis
679 675 824 739 nutritus
840 674 884 738 ab
900 673 1011 751 annis,

189 789 354 856 Barbarie
369 795 573 872 exutusque,
587 793 647 852 tno
662 787 780 852 felicia
792 783 939 869 posthac

187 901 361 986 Tempora
377 902 587 969 constituens
602 901 689 976 orbi,
703 897 934 963 moderamine
943 896 1041 981 justo
1064 917 1068 924 ·

189 1011 399 1078 Commissas
415 1013 604 1095 olim⁴regni
619 1012 783 1078 tractabis
797 1005 960 1074 habenas·

187 1123 297 1210 (Nam
312 1129 346 1189 te
361 1129 441 1208 post
456 1141 559 1186 casus
574 1127 688 1187 tantos
703 1121 748 1188 ad
763 1121 913 1186 culmina
928 1119 1041 1205 Regni

101 1233 109 1248 ¹
188 1231 320 1298 Euchet
333 1231 509 1316 Augustus
525 1231 653 1310 Cesar,
669 1233 826 1319 solioque
840 1233 999 1322 locabit.)

188 1338 361 1410 Praeterea
375 1345 533 1408 excultus
548 1343 683 1422 studiis,
697 1346 851 1412 miranda
863 1347 1037 1431 relinques

189 1453 322 1539 Ingenii
337 1461 556 1521 monumenta
570 1457 631 1533 tui,
647 1457 838 1542 calamique
852 1459 1012 1544 perennis

65 1617 67 1623 .
188 1567 295 1633 Docti
309 1569 401 1632 fama
416 1568 477 1632 tibi
492 1587 554 1651 per
568 1567 700 1634 saecnla
715 1579 839 1636 cuncta
851 1571 1014 1636 manebit.

187 1691 194 1700 '
229 1680 299 1746 Sed
310 1699 381 1745 non
396 1679 584 1746 Pharnacis
601 1681 741 1764 captiva
754 1679 932 1761 Quritibus
946 1701 1009 1747 ora

187 1793 336 1859 Amne
351 1793 464 1878 potuit
477 1791 596 1858 Caesar
609 1798 797 1858 monstrare
810 1793 993 1877 triumpho.

188 1903 251 1968 Ille
267 1904 348 1987 fuga
362 1905 483 1969 evasit.
505 1903 639 1969 uehitur
652 1903 816 1988 firgicntis'
827 1905 959 1995 imago;

186 2014 231 2080 Et
245 2017 360 2095 Vsur,
375 2016 482 2094 Vror,
496 2016 599 2099 Vror,
612 2017 678 2081 trr'a
691 2017 797 2082 verba
811 2017 961 2100 superbo

187 2127 369 2194 Portantur
383 2121 487 2194 curru'
497 2133 605 2193 totum
619 2129 790 2194 narrantia
805 2119 943 2194 bellum.

230 2240 408 2306 Romanos
424 2242 569 2318 animos,
584 2240 664 2325 plus
679 2260 783 2325 quarn
795 2237 996 2324 spectacula
1008 2239 1107 2318 viva,

184 2351 311 2417 (liistia
324 2351 397 2417 fata
412 2351 549 2417 Ducum
562 2351 689 2416 usulis
704 2351 843 2436 depicta
855 2352 1051 2418 movebant.

184 2463 262 2529 Illic
277 2469 403 2529 moesta
416 2464 510 2530 videt
525 2463 642 2529 civilia
654 2463 796 2529 vulnera
810 2461 935 2542 Roma,

183 2575 228 2640 Et
241 2577 399 2661 proprias
413 2577 507 2660 luget
521 2575 655 2658 clades;
677 2575 749 2640 illic
765 2593 829 2640 sua
843 2576 989 2660 quisque

184 2687 320 2754 Funera
333 2684 523 2765 Romanmg
540 2691 753 2771 cognataque
768 2687 893 2753 damna
905 2693 1073 2754 recenset.

184 2801 276 2866 Inter
291 2801 495 2866 Barbaricas
510 2805 652 2883 strages,
668 2804 703 2864 et
715 2797 836 2864 funera
849 2797 985 2882 Regum

184 2911 322 2991 Extera,
337 2919 513 2997 magnates
527 2913 660 2997 Libyae,
676 2929 856 2993 caesosque
869 2929 932 2993 per
944 2908 1055 2994 Alpes

183 3021 360 3088 Gallorum
376 3021 562 3103 Proceres;
585 3024 727 3108 proprio
740 3042 809 3109 qua
823 3023 973 3107 pingitur
986 3003 1070 3088 ense

183 3133 263 3200 Rex
276 3133 371 3202 Juba
384 3135 567 3202 transfixus
582 3137 743 3202 convivia
753 3139 879 3202 moesta
893 3140 1089 3212 cruentans,

183 3247 436 3330 Demersusque
452 3229 505 3311 sui
521 3245 595 3309 Nili
610 3246 819 3314 Ptolemaeus
834 3250 869 3314 in
883 3247 996 3326 undis,
1034 3332 1039 3346 1

181 3359 416 3428 Monstrantur
431 3357 540 3424 Latiae
555 3363 692 3437 mortes,
708 3361 957 3446 absumptaque
970 3357 1074 3426 bellis

183 3470 341 3537 Maxima
355 3471 524 3537 Caesareis
540 3469 709 3537 Romanae
724 3474 864 3538 nomina
878 3473 997 3556 gentis.

182 3583 254 3659 Hic
270 3605 348 3649 cum
363 3583 459 3666 Rege
474 3583 497 3649 J
499 3585 568 3648 uba
581 3583 749 3664 Petreius,
765 3583 927 3650 Atianius
941 3585 1034 3651 illic:

181 3697 259 3763 Illic
274 3695 470 3779 Torquatus
483 3697 642 3774 moriens,
657 3697 714 3762 hic
730 3697 828 3763 Sulla
837 3699 989 3784 J'acebat.

180 3807 259 3874 Nec
274 3809 395 3894 procul
409 3807 488 3872 hinc
503 3807 614 3873 oculis
629 3816 819 3892 agnoscunt
833 3811 991 3877 flentibus
1005 3830 1070 3903 ora

181 3919 368 4004 Scipiadae,
383 3921 493 4006 puppi
503 3920 577 4005 jam
593 3919 780 3986 desilientis
796 3922 841 3987 ab
856 3921 937 3987 alta.

181 4029 232 4096 'l'e
248 4051 396 4116 quoquc,
412 4031 537 4096 Sancte
553 4029 651 4108 Cato,
667 4031 853 4098 fodientem
866 4033 1004 4098 viscera
1021 4033 1162 4114 dextra,

181 4143 226 4209 Et
239 4145 435 4228 properanti
450 4145 573 4208 aniruae
588 4113 794 4209 lacerantem
808 4143 951 4210 vulnera
965 4152 1121 4210 cernunt.

181 4253 309 4320 Verum
324 4255 409 4320 inter
423 4253 609 4319 Procerum
623 4257 674 4320 tot
687 4261 813 4322 mortes
827 4275 898 4320 una
911 4261 1052 4320 tacetur.

175 4363 259 4429 =Nec
275 4367 400 4433 tabulae
416 4366 752 4434 moestis-monstrare
768 4365 960 4448 Quiritibus
976 4368 1103 4434 audent
