2708 4866
365 400 606 470 nnonnr.
643 405 751 474 uin.
788 407 853 474 vr.
1093 410 1158 476 mr

57 567 147 636 luter
161 591 326 656 spemque
340 563 534 658 metrumque
550 575 669 641 Duces
684 577 871 642 discurrere
887 580 996 663 primo

59 681 251 767 Coeperunt,
267 684 457 768 frustraque
473 703 556 750 suos
571 685 756 767 impellere,
772 687 881 754 donec

60 793 192 858 bassati
207 795 379 859 excedunt
391 813 525 877 pugna:
550 795 741 879 collemque
757 799 987 881 propinquum

61 903 189 968 Ductor
203 911 343 987 uterque
359 906 464 986 oepit.
487 905 551 970 diri
567 905 645 970 hinc
662 907 859 972 discrimina
871 909 965 987 belii,
1058 945 1061 952 ⁴

58 1014 190 1097 Totque
205 1020 400 1080 cruentatos
415 1034 526 1092 enses,
542 1021 593 1080 tot
608 1019 731 1098 stragis
745 1037 888 1084 acervos

60 1123 149 1188 Dum
161 1127 280 1190 'tristes
296 1130 463 1208 spectant,
478 1127 538 1190 vix
554 1127 736 1192 formidare
752 1129 909 1204 uacabat,

60 1233 129 1299 Vix
146 1255 294 1318 sperare,
311 1235 429 1305 Duces
445 1237 550 1303 subiit
563 1238 735 1302 miseratio
752 1239 838 1315 sola,

60 1344 257 1427 Feralisque
273 1345 385 1421 timor,
399 1365 443 1408 ne
458 1365 527 1410 non
541 1346 687 1412 victoria
700 1353 824 1412 moesto

59 1454 149 1531 Ulla,
165 1455 227 1518 sed
244 1455 412 1521 ambobus
426 1457 574 1538 lugenda
588 1457 756 1539 tragoedia
771 1477 895 1542 campo

58 1565 227 1642 Restaret,
245 1565 432 1648 latiusque
448 1566 520 1632 illic
535 1569 772 1650 procumberet
787 1569 901 1634 Orbis.

59 1675 189 1742 Ultima
203 1675 355 1740 Caesarei
369 1681 496 1743 restare
511 1678 664 1759 pericula
679 1679 836 1744 credunt:

58 1787 103 1850 Et
117 1786 322 1870 Pompeiani
336 1793 416 1869 post
430 1787 506 1852 brec
522 1790 651 1871 spirare
666 1794 825 1854 recusant

57 1896 194 1962 Praeiia.
217 1917 392 1980 pugnaces
409 1898 541 1964 animos
556 1899 626 1980 agit
641 1899 765 1962 aemula
779 1899 896 1964 virtus.

57 2007 171 2090 thue
185 2009 294 2090 magis
311 2013 462 2092 stupeas,
478 2011 610 2074 cunctis
626 2009 799 2090 incognita
814 2009 914 2074 bellis
1039 2003 1040 2006 ’

57 2118 100 2182 In
114 2119 196 2182 totis
211 2119 325 2182 subito
341 2125 419 2182 sunt
434 2125 509 2184 orta
523 2119 659 2184 silentia
675 2119 806 2201 campis

57 2229 151 2292 Dum
165 2229 278 2293 media
292 2229 423 2295 servent
436 2231 530 2296 rabie
542 2251 551 2308 ;
573 2231 735 2312 nulloque
757 2229 904 2294 virorum

57 2337 187 2404 Audito
203 2340 362 2418 clamore,
378 2361 499 2404 manus
513 2359 649 2404 movere
659 2339 823 2418 ¹furentes.

55 2448 113 2512 Ad
128 2450 360 2533 Pompeianas
375 2451 511 2516 tandem
525 2451 681 2532 Victoria
692 2456 806 2533 partes

56 2559 103 2624 Se
117 2559 249 2624 trahere
265 2565 318 2624 est
331 2561 419 2638 visa,
435 2567 470 2624 et
483 2560 648 2643 paulatim
664 2560 784 2624 cedere
799 2565 887 2626 retro

55 2669 209 2736 Caesarei
225 2691 382 2754 coepere3
404 2671 486 2752 fuga
500 2671 561 2736 vix
576 2670 799 2736 Centuriones
825 2719 828 2726 .

55 2781 89 2846 A
104 2783 196 2865 turpi
210 2783 351 2846 retinere
367 2788 493 2864 queunt
506 2801 514 2860 ;
538 2801 615 2846 cum
630 2781 733 2846 fortia
748 2781 866 2848 Caesar

54 2893 206 2957 Pectora
220 2893 395 2956 denudans
411 2893 529 2958 stricto
545 2893 595 2955 sic
611 2911 693 2956 ense
708 2893 881 2975 profatur:

55 3005 141 3070 Non
154 3004 217 3068 tibi
227 3005 300 3088 jam
316 3003 467 3068 Fortuna
480 3004 578 3080 levis,
595 3024 673 3086 quae
691 3003 835 3082 condere
851 3021 983 3066 summa

55 3115 215 3196 Exoptas
229 3114 345 3196 potius
361 3133 463 3196 quam
480 3115 621 3179 condita·
633 3135 765 3179 summa
781 3115 878 3190 tueri,

53 3225 210 3305 irascor3
234 3226 318 3289 satis
334 3227 450 3308 ampla
464 3227 557 3304 mibi,
575 3247 652 3309 quae
668 3225 762 3293 nulla
777 3225 938 3290 tacebrmt

53 3336 206 3415 Saecula,
217 3336 345 3428 iecisti,
361 3337 479 3400 fateor.
502 3336 680 3402 transferre
695 3336 848 3400 favorem

51 3448 76 3512 J
78 3467 137 3512 am
152 3453 197 3526 te,
214 3449 317 3526 Diva,
334 3448 443 3524 decet,
459 3449 585 3526 mundo
597 3469 639 3514 ne
655 3449 771 3530 ignota
785 3451 940 3530 potestas

52 3559 108 3624 Sit
122 3564 194 3636 tua,
216 3580 337 3644 meque
354 3560 465 3623 Deum
481 3559 645 3644 deceptus
661 3560 812 3622 crederet
825 3557 929 3622 orbis.

53 3671 224 3750 Dixerat3
247 3677 281 3735 et
294 3675 386 3736 certa
401 3671 546 3738 fodisset
558 3675 699 3753 pectora
714 3669 843 3732 dextra.
891 3697 897 3706 ·

53 3777 126 3846 Sed
145 3780 294 3846 Fortuna
307 3779 417 3866 (velut
431 3801 537 3864 prope
554 3799 685 3844 summa
699 3780 853 3862 pericula
869 3783 976 3844 mater
1029 3807 1049 3868 χ

53 3893 156 3955 Stare
171 3892 252 3954 sinit
266 3911 409 3974 puerum
423 3891 600 3966 interdum,
617 3895 653 3954 ut
667 3891 799 3974 majora
814 3893 945 3956 timenti

52 4002 198 4067 Gratius
215 4004 380 4068 auxilium
394 4002 524 4088 veniat)
539 4004 704 4068 submittit
723 4004 860 4068 alumno

52 4113 158 4178 Unde
174 4116 286 4179 minus
301 4122 455 4199 speratur
471 4135 582 4198 opem.
605 4134 685 4178 nam
699 4120 812 4178 castra
828 4112 989 4194 Bogudes

51 4226 165 4290 Extra
180 4227 290 4290 aciem
306 4230 451 4311 positus,
467 4227 595 4310 praedae
610 4227 794 4309 perductus
810 4244 924 4288 amore

51 4337 272 4424 Pompeiana
286 4341 382 4430 petit.
407 4345 525 4402 contra
539 4339 629 4402 hunc
645 4337 689 4400 ad
705 4343 817 4402 castra
831 4335 958 4400 tuenda

49 4449 108 4515 En
125 4452 203 4516 acie
219 4452 337 4516 educit
352 4451 524 4516 Labienus
540 4449 689 4531 quinque
702 4449 873 4530 cobortes.
991 4509 997 4516 .
