2756 4896
196 391 262 458 aar
296 355 309 483 s
497 339 994 454 suurnnnsnruu

196 559 400 643 Pompeium
414 557 510 622 illum
523 557 709 643 (inquam,)
723 558 782 641 qui
797 563 922 634 tecum,
938 562 965 622 o‘
975 556 1126 624 maxime
1142 557 1276 633 cm,

195 667 264 749 Tot
278 667 380 732 modo
395 668 540 749 stipatus
556 667 759 750 legionibus,
775 674 810 732 et
824 670 1005 734 comitatus

196 779 364 845 Gentibus
380 779 573 855 innumeris,
589 785 658 842 tam
672 779 775 862 longo
791 787 942 863 tempore
957 781 1036 846 lutis

195 889 366 971 Pugnavit
380 889 504 964 dubiis,
516 889 594 971 jam,
605 890 755 954 cinctum
769 891 875 954 milite
890 891 984 955 nullo

195 998 365 1064 Vidimus.
389 1005 426 1062 ut
439 997 550 1062 tradat
565 1017 602 1062 se
617 999 809 1080 hortamur;
831 1005 867 1064 at
882 1001 940 1064 ille
954 1001 1081 1066 minaci

196 1109 389 1192 Intrepidus
405 1109 511 1184 vultu,
526 1127 700 1190 nunquam
714 1126 768 1172 me
784 1107 933 1174 Caesaris
946 1110 1055 1194 inquit

195 1219 389 1304 Captivum,
405 1219 532 1283 vietmu
547 1219 715 1300 quamvis,
732 1219 882 1284 Fortuna
896 1219 1034 1286 videbit.

194 1329 398 1394 Abscissum
412 1329 527 1392 videat
541 1333 656 1411 caput,
672 1333 707 1392 et
721 1330 853 1394 cervice
868 1330 1005 1394 revulsa

195 1439 379 1504 Heredem
394 1443 559 1521 agnoscat
574 1433 704 1520 Magni,
719 1459 782 1503 nec
799 1439 949 1506 dedecus
963 1439 1060 1516 illud,

195 1549 299 1630 Quod
314 1545 419 1614 fatum
435 1549 607 1614 Genitoris
622 1555 705 1627 erat,
719 1547 802 1614 mibi
818 1547 931 1612 Roma
944 1550 1090 1632 putabit.

195 1659 277 1726 Non
291 1667 361 1725 tam
376 1661 443 1725 vile
457 1666 570 1724 tamen
585 1665 690 1743 caput
705 1659 783 1736 boc,
799 1659 980 1726 certamine
994 1661 1089 1726 nullo

195 1771 243 1837 Ut
256 1773 357 1838 vobis
371 1771 531 1848 tradatur,
548 1772 621 1836 erit.
638 1771 718 1834 dum
730 1770 801 1834 tela
815 1775 1006 1854 supersunt,

195 1881 277 1948 Non
292 1883 395 1964 gratis
411 1882 544 1946 moriar.
560 1887 632 1946 tum
647 1899 796 1964 pugnam
809 1881 982 1962 ingressus
997 1880 1153 1964 iniquam

195 1992 237 2057 In
251 1993 451 2076 mediosque
465 2011 577 2068 ruens,
601 1991 673 2054 siue
689 2009 763 2074 spe,
778 1989 852 2054 sine
864 1989 1006 2066 viribus,
1019 2006 1140 2056 omnes

195 2101 272 2168 Nos
286 2104 411 2186 pariter
426 2102 502 2166 sola
517 2101 654 2184 adjutus
669 2100 791 2164 virtute
805 2099 957 2164 lacessit.

195 2211 271 2277 Nec
286 2214 402 2289 vitam,
418 2229 521 2294 quam
536 2215 630 2275 tanto
646 2210 759 2274 animo
774 2208 965 2292 projecerat
986 2209 1074 2292 ipse,

194 2321 358 2386 Servandi
373 2321 472 2384 nobis
489 2319 685 2384 conceditur
698 2319 770 2382 ulla
784 2323 949 2402 potestas.

195 2431 326 2496 Invasit
340 2429 474 2507 terrum,
492 2429 682 2512 ceciditque
697 2430 733 2492 in
746 2429 1012 2507 muneralium,
1065 2483 1069 2491 .

193 2537 239 2605 Et
252 2541 387 2606 tandem
402 2542 509 2605 invito
524 2517 665 2604 mortem
680 2540 748 2604 sibi
761 2537 1044 2604 vendicatbostc.

193 2652 282 2717 Turn
297 2651 415 2717 Caesar
428 2653 631 2735 lacrymans,
647 2669 848 2734 generosum
862 2650 1003 2733 querite
1016 2654 1185 2728 tranem,

192 2762 378 2827 Thuriforis
394 2763 541 2827 collecta
554 2763 646 2845 rogis
662 2762 856 2848 componite
869 2763 1021 2828 membra

193 2871 280 2938 Cum
295 2873 420 2958 capite,
436 2879 470 2938 et
485 2873 621 2956 dignam
636 2873 739 2938 tantis
754 2873 833 2938 date
849 2872 1012 2938 Manibus
1025 2891 1156 2938 urnam.

235 2985 420 3067 Digressus
437 2984 569 3050 Munda
583 2983 702 3050 Gaesar
716 3005 857 3050 securus
871 2985 916 3050 ab
931 2983 1023 3050 omni

193 3095 365 3162 Bellorum
381 3097 524 3180 strepitu
536 3097 694 3162 victricia
707 3098 806 3178 signu
819 3115 880 3178 per
893 3095 995 3160 urbes

193 3203 338 3272 Sustulit
353 3206 543 3291 Hispanas.
554 3206 629 3290 jam
639 3206 770 3284 Gades,
785 3203 945 3270 Corduba
957 3203 1067 3298 dives,

193 3313 363 3400 Hispalis,
380 3323 482 3401 atque
498 3312 1140 3402 omnes,quascmu1ueinteiluitundls

192 3423 299 3490 Baetis
314 3427 454 3492 Anasve
470 3427 554 3505 suis,
569 3427 692 3492 victori
705 3427 838 3492 tradere
851 3445 930 3490 sese

192 3533 273 3598 Non
288 3535 443 3602 dubitant
458 3535 581 3602 Urbes.
596 3537 728 3621 populi,
744 3541 930 3618 gentesque
942 3539 1081 3602 remotae

191 3643 262 3708 Sub
274 3643 359 3728 juga
369 3645 444 3728 jam
456 3647 606 3711 veniunt.
622 3646 767 3731 abjectis
783 3644 954 3741 Cantaper
967 3645 1082 3722 eumn,

190 3752 432 3839 Callaicusque
447 3757 557 3835 ferox,
573 3763 608 3822 et
622 3756 731 3833 Celta,
747 3760 850 3838 utque
864 3755 1009 3838 impiger
1021 3753 1126 3820 Astur

189 3861 391 3949 Exposcunt
405 3865 550 3943 veniam,
564 3885 756 3950 pacemque
771 3885 793 3929 a
807 3862 945 3930 Oaesure
961 3873 1127 3948 quaerunt.

189 3971 251 4039 Nil
265 3976 361 4040 terris
377 3976 458 4040 olim
473 3977 665 4040 venerabile
679 3993 804 4040 nomen
818 3974 927 4038 Iberis

188 4083 268 4150 Jam
283 4085 389 4149 veluit
405 4085 536 4168 Magni.
553 4092 696 4152 crmctos
712 4086 863 4150 Fortrme
876 4083 1018 4171 clientes

187 4195 438 4276 'lransmlerat3
460 4197 555 4260 solus
565 4197 640 4280 jum
654 4196 810 4279 possidet
824 4194 940 4260 omnia
954 4191 1083 4260 Caesar.

189 4305 265 4370 Nec
280 4305 401 4370 mirum
416 4307 567 4372 obtineat
580 4311 686 4372 terras
701 4307 732 4371 si
747 4307 843 4372 solus
857 4306 988 4384 Iberas,

189 4411 258 4494 Qui
274 4417 346 4480 sine
362 4416 461 4482 rivali
477 4415 652 4482 Romanas
667 4417 797 4484 obtinet
810 4438 918 4484 arces.
